2520 3966
427 199 655 266 IVGVRTHA
683 199 808 264 30—31
1055 201 1097 268 69

139 385 142 390 ’
206 372 271 442 sed
292 372 439 460 quoniam
454 393 492 436 ea
505 378 690 458 tempestate
712 369 831 434 Romae
845 370 974 438 Memmr
993 371 1123 443 laeuo-4

139 457 196 522 dia
217 457 303 524 alara
322 457 508 546 pollensque
530 455 601 539 fuit,
629 456 748 522 desere
774 454 977 540 existumavi,
1003 480 1098 522 unam

140 565 186 608 ex
205 551 269 608 tam
290 543 397 608 multis
419 542 592 608 orationem
614 543 681 608 eius
710 541 923 626 perscribere,
946 564 983 606 ae
1027 544 1099 607 otis·

140 650 266 692 sumum
298 651 336 692 ea
362 627 481 709 dicam,
516 649 595 712 quae
627 628 662 692 in
700 627 846 691 contione
874 634 945 711 post
965 566 1100 694 relitum

114 713 269 780 5Bestiae
290 712 420 776 huiusce
441 711 527 775 modi
548 711 655 776 verbis
684 711 848 776 disseruit:

202 794 314 862 'Multa
335 818 386 862 me
409 795 613 860 dehortantur
634 819 654 860 a
681 795 785 877 vobis,
810 795 965 880 Quirites,
987 798 1020 861 ni
1036 807 1143 872 stri-³1

143 882 230 946 dium
261 883 309 946 rei
339 881 486 970 publicae
516 883 620 946 omnia
660 889 803 966 superet,
837 904 912 968 opes
944 881 1096 966 lectionis,

141 976 249 1032 vostra
269 967 436 1053 patientia,
458 966 507 1030 ius
529 966 667 1050 nullum,
696 987 733 1029 ao
754 988 916 1051 maxume,
967 968 1030 1032 uod
1051 969 1097 1032 in-

142 1055 307 1118 nocentiae
328 1051 399 1138 plus
419 1050 553 1139 periculi
577 1073 670 1137 quam
697 1050 825 1116 honoris
848 1062 904 1116 est.
940 990 1021 1116 llam
1042 1051 1123 1126 illas

101 1135 657 1287 ¹⁰ttllt¹tt⁶tllt⁰lltffl
676 1135 1098 1288 quillffi'rlliimllllll

141 1307 234 1372 inulti
261 1246 412 1394 peribunt
438 1243 546 1371 vollri.
564 1243 764 1388 defen'soiles,
795 1315 830 1371 ut
855 1244 964 1371 vobisq
977 1246 1097 1372 anirllus

143 1392 183 1456 ab
205 1394 333 1478 ignavia
354 1401 448 1477 atque
470 1391 614 1455 socordia
636 1401 797 1476 corruptus
813 1393 868 1474 sit,
892 1394 999 1478 quine
1014 1416 1098 1457 mmo

143 1479 286 1564 quidem,
310 1477 454 1542 obnoxiis
475 1477 626 1558 inimicis,
655 1477 839 1560 exsurgitis,
868 1487 960 1563 atque
991 1480 1121 1546 etiam-³

101 1583 226 1632 15nuno
251 1562 368 1628 timetis
397 1583 467 1643 eos,
501 1561 614 1647 quibus
647 1560 736 1623 decet
770 1563 879 1626 terrori
912 1585 990 1626 esse.
1034 1563 1122 1630 Sede

143 1671 333 1750 quamquam
353 1645 434 1711 haee
455 1646 531 1711 talia
546 1656 625 1730 sunt,
655 1654 757 1707 tamen
782 1645 907 1710 obviarn
930 1648 974 1710 ire
989 1658 1096 1733 poten·

142 1745 206 1798 trae
228 1733 371 1797 factionis
394 1733 516 1796 animus
539 1732 664 1818 subigit.
714 1729 807 1794 Certe
830 1753 888 1816 ego
911 1731 1120 1817 libertatemr

144 1819 315 1904 quaemihi
330 1842 350 1882 a
363 1826 494 1905 parente
507 1839 578 1882 meo
593 1818 707 1882 tradita
726 1823 782 1896 est,
806 1817 965 1901 experiar,
987 1840 1098 1882 verum

143 1903 177 1968 id
198 1904 312 1968 frustra
334 1927 375 1968 an
397 1903 437 1968 ob
458 1925 527 1968 rom
548 1903 676 1985 faciam,
699 1905 731 1965 in
757 1909 864 1965 vostra
885 1925 980 1966 manu
1002 1903 1096 1968 situm

12 2001 13 2030 ¹
101 1997 207 2072 tuest,
231 1989 379 2068 Quirites.

205 2074 315 2160 Neque
338 2095 397 2160 ego
413 2097 470 2139 vos
485 2074 601 2157 hortor,
624 2071 708 2158 quod
728 2093 828 2158 saepe
842 2073 977 2136 maiores
999 2074 1121 2141 vostris

142 2159 262 2242 fecere,
294 2161 340 2225 uti
368 2169 478 2226 eontra
510 2159 638 2222 iniurias
670 2157 781 2221 armati
815 2158 903 2222 eatis.
946 2156 1033 2222 Nihil
1054 2160 1096 2241 vi,

142 2243 222 2308 nihil
245 2245 421 2308 secessione
450 2266 528 2330 opus
556 2247 641 2323 [estlz
667 2251 873 2306 necesse-est
895 2251 1016 2310 suomet
1036 2245 1098 2330 ipsi

142 2350 230 2392 more
241 2331 429 2415 praecipites
445 2339 525 2392 eant.
550 2327 663 2392 Oooiso
678 2325 806 2391 Tiberio
828 2327 981 2412 Graoeho,
1004 2347 1120 2415 quemt

101 2431 275 2499 teregnum
296 2436 409 2499 parare
432 2414 571 2496 aiebant,
594 2414 626 2476 in
647 2411 772 2498 plebem
787 2412 965 2477 Romanam
1007 2437 1096 2479 uaes-

143 2500 245 2563 tiones
269 2499 392 2562 habitae
415 2507 499 2580 sunt,
522 2508 594 2584 post
609 2497 669 2561 Gai
684 2495 821 2561 Gracchi
848 2437 1094 2565 etMacihulu

144 2583 274 2647 caedem
296 2585 370 2646 item
391 2585 487 2648 vostri
505 2583 621 2647 ordinis
639 2583 726 2646 rnulti
741 2581 893 2646 mortales
915 2584 949 2646 in
970 2606 1095 2649 earcere

143 2668 248 2732 necati
270 2679 358 2732 sunt:
388 2671 549 2754 utriusque
572 2667 669 2730 eladis
690 2689 753 2730 non
775 2665 839 2750 lex,
865 2689 975 2731 verum
989 2668 1096 2735 lubido

144 2775 253 2827 eorum
278 2753 373 2817 finem
407 2754 488 2817 feeit
532 2751 597 2816 Sed
626 2773 700 2814 sane
726 2751 819 2815 fuerit
856 2754 945 2836 regni
975 2756 1120 2839 paratior

101 2855 133 2903 ³0
143 2838 231 2925 plebi
252 2860 309 2901 sua
330 2840 508 2920 restituere;
538 2837 687 2922 quidquid
710 2838 777 2900 sine
799 2838 956 2922 sanguine
982 2839 1097 2903 civium

144 2922 254 2987 ulcisci
275 2925 437 3009 nequitur,
459 2924 527 2986 iure
549 2922 665 2985 laetum
687 2923 735 2986 sit.
767 2920 991 3008 Superioribus
1007 2925 1121 2989 annisa

144 3010 230 3072 taciti
252 3005 501 3092 indignabamini
522 3008 677 3070 aerarium
699 3005 852 3092 expilari,
875 3028 966 3092 reges
989 3017 1020 3072 et
1040 3031 1095 3094 po·

142 3093 235 3180 pulos
249 3093 366 3157 liberos
382 3094 490 3178 paucis
501 3090 660 3156 nobilibus
674 3090 811 3175 vectigal
828 3091 975 3177 pendere,
994 3115 1095 3194 penes

145 3178 274 3242 eosdem
306 3188 337 3243 et
370 3197 523 3241 summam
556 3176 689 3262 gloriam
721 3185 752 3240 et
784 3198 948 3242 maxumas
970 3178 1095 3242 divitias

102 3277 134 3328 aa
145 3285 231 3328 esse:
264 3273 370 3328 tamen
398 3262 477 3326 haee
505 3261 581 3326 talia
606 3261 746 3326 facinora
776 3261 893 3348 inpune
919 3264 1095 3350 sussepisse

167 3371 255 3413 arum
266 3347 414 3432 habuere,
430 3349 535 3434 itaque
545 3356 703 3434 postremo
718 3346 806 3432 leges
822 3349 968 3412 maiestas
978 3358 1094 3434 vostra,

168 3435 253 3500 'vina
274 3441 306 3498 et
325 3433 463 3498 humana
485 3435 590 3498 omnia
610 3432 752 3498 hostibus
774 3433 889 3500 tradita
910 3441 990 3498 sunt
1033 3433 1094 3504 Ne
1106 3454 1136 3504 ro
