2520 3966
466 547 530 616 nx
550 547 759 614 meroem
780 509 825 614 n‘

192 717 403 811 ORATIO
439 717 539 814 GAI
568 718 788 815 cot'rAu
819 716 1086 814 CONSVLIS

370 922 662 996 unrorvnvu
688 925 906 995 eorsum

523 1099 569 1168 (ΙΙ.
588 1101 621 1152 ⁶0
640 1099 751 1169 ulum)

138 1283 153 1332 s
227 1254 384 1341 Quirites,
412 1255 511 1321 multe
531 1257 608 1322 mihi
628 1257 771 1345 pericula
802 1258 887 1325 domi
908 1257 1112 1346 militiaeque,

162 1343 262 1408 multe
275 1343 419 1447 ,advorso
445 1342 533 1408 firere
548 1365 704 1446 ”quorum
737 1342 798 1409 elie
823 1343 972 1447 tolerevi,
1000 1345 1113 1448 partim

161 1426 595 1603 retunderem,
608 1437 1113 1606 rotetur-,murz

161 1603 204 1666 tis
224 1599 336 1686 laboe3
378 1601 481 1668 mulne
503 1602 724 1690 secundaeque
752 1625 803 1669 ree
826 1625 916 1691 opes,
938 1627 1004 1670 non
1024 1603 1113 1690 inge·

121 1689 250 1760 lonium
277 1687 356 1752 mihi
387 1685 562 1754 mutabant.
615 1689 660 1754 At
692 1698 801 1755 eontra
826 1692 860 1754 in
892 1689 943 1754 his
975 1689 1136 1756 miseriist

162 1782 276 1839 ounote
301 1797 353 1840 me
385 1797 458 1840 eum
483 1775 611 1841 fortune
637 1773 813 1841 deseruere.
868 1776 1038 1842 Praeterea
1064 1797 1112 1840 ee-

160 1869 281 1944 neetue,
303 1881 362 1948 per
388 1883 423 1928 ee
449 1861 566 1948 gravis,
594 1881 704 1926 eurem
736 1861 894 1948 duplicat,
918 1862 969 1927 oui
995 1863 1112 1927 misero

161 1956 232 2014 eote
252 1949 316 2014 iem
338 1955 441 2014 eetete
466 1967 508 2014 ne
533 1955 668 2013 mortem
700 1946 828 2035 quidem
853 1947 1019 2013 honestam
1042 1969 1111 2033 spe-

160 2056 235 2099 rore
255 2032 339 2099 lieet
383 2033 464 2098 Nem
487 2034 516 2097 si
542 2033 685 2120 pnrieide
709 2034 810 2098 vostri
839 2055 910 2098 eum
932 2043 963 2099 et
984 2033 1034 2098 bie
1057 2047 1135 2120 gea

121 2121 246 2188 enims
266 2119 319 2184 hie
340 2119 417 2186 deos
461 2119 562 2184 enatis
575 2141 664 2185 meos
682 2120 879 2206 patriamque
901 2128 933 2186 et
955 2141 1111 2184 summum

159 2206 327 2293 imperium
347 2205 425 2271 vilia
438 2141 567 2288 debeo,
590 2205 661 2292 quis
683 2203 761 2272 mihi
785 2205 860 2272 vivo
883 2205 1039 2272 cruciatus
1062 2226 1110 2270 sa·

159 2293 201 2356 tie
223 2300 272 2357 est
292 2300 348 2356 eut
369 2313 451 2395 quae
471 2311 575 2378 poene
596 2288 742 2358 mortuo?
768 2292 846 2379 quin
868 2291 974 2358 omnia
994 2313 1110 2358 memo·

159 2385 229 2443 retu
258 2376 343 2464 epud
370 2375 488 2443 rnferos
522 2375 676 2464 supplioiu
707 2375 829 2445 eoelere
860 2399 931 2444 meo
962 2379 1035 2443 vici.
1078 2378 1133 2443 Ae

158 2464 262 2551 prime
283 2461 499 2528 edrdeeoentie
519 2464 555 2542 iu
575 2483 629 2529 ore
649 2471 757 2530 vostro
778 2465 921 2551 privatus
944 2474 976 2531 et
996 2465 1030 2527 in
1044 2485 1109 2530 me·

118 2550 344 2638 registestibue
371 2551 443 2636 egi:
471 2549 526 2638 qui
552 2548 674 2637 lingue,
705 2551 759 2637 qui
786 2551 918 2618 oonsilio
944 2572 1030 2634 meo,
1075 2550 1108 2615 ui

158 2637 296 2724 pecunie
318 2634 465 2719 voluere,
487 2635 539 2701 uei
565 2645 652 2720 sunt3
673 2657 779 2789 nefiue
804 2659 865 2742 ego
891 2636 1040 2703 callidem
1054 2571 1108 2702 ‹ie-

159 2721 308 2789 oundinm
327 2743 431 2808 neque
444 2721 607 2810 ingenium
621 2722 663 2788 ed
676 2745 708 2788 m
741 2721 956 2790 eiemundum
971 2723 1107 2807 exercui,

159 2808 371 2876 svidiesumus
404 2809 546 2894 privatae
579 2809 700 2898 gratim
728 2831 895 2876 maxumus
927 2807 1108 2874 inimicitias

158 2917 217 2983 pro
237 2893 422 2982 republica
448 2895 589 2982 susoepi;
612 2896 683 2983 quis
704 2897 809 2968 vietum
830 2915 904 2963 eum
929 2894 986 2960 ille
1014 2893 1107 2958 simul

116 2998 232 3052 tenum
263 3003 362 3070 egens
395 2980 518 3048 eliense
555 2980 624 3082 opis
658 2981 750 3067 pluro
781 2979 866 3048 meis
897 2989 1106 3068 expeoterem,

158 3090 226 3152 vos,
242 3065 393 3152 Quirites,
411 3087 522 3135 rursus
545 3065 625 3132 mhi
668 3068 781 3134 utrium
812 3065 953 3155 deosque
983 3067 1107 3154 penatis

158 3175 231 3221 eum
259 3154 381 3242 ingenti
416 3154 570 3242 dignitate
596 3087 738 3218 dedetis.
777 3152 842 3220 Pro
892 3151 987 3220 uibus
1018 3150 1132 3222 beni-s

158 3239 239 3306 fioiis
259 3241 316 3306 vix
337 3240 414 3305 setis
440 3247 551 3328 gratum
582 3237 707 3320 videor,
736 3238 765 3304 ei
794 3237 843 3304 sin
901 3239 909 3256 ⁰
956 3238 1105 3322 enimam,

159 3347 254 3414 quem
273 3346 415 3413 nequeo,
444 3324 666 3392 conoesserim.
686 3321 768 3390 Num
788 3324 856 3391 vire
876 3333 909 3391 et
929 3347 1014 3392 mors
1034 3325 1107 3392 iuro

115 3419 289 3488 uenturae
313 3418 408 3478 sunt:
429 3419 465 3478 ut
491 3411 561 3477 eine
587 3409 743 3477 dedecore
771 3432 844 3476 oum
870 3407 995 3478 civibus
1021 3410 1107 3479 fone

156 3505 192 3566 ee
201 3497 337 3568 fortunis
346 3504 473 3589 integer
486 3519 574 3584 egee,
586 3495 620 3560 id
630 3495 713 3562 dono
727 3493 822 3563 detur
831 3503 929 3584 etque
943 3497 1104 3584 sooipitur.
