2502 3968
239 250 294 379 &l
528 309 734 377 CATILINA
755 311 883 379 48-49

239 484 395 550 iuratione
403 483 594 572 deprehensi
599 494 765 569 terrerent,
778 509 880 573 eoque
890 488 993 574 magis
1000 501 1192 574 properaret

241 570 282 636 ad
302 568 415 636 urbem
436 570 606 655 accedere,
634 593 697 658 quo
718 579 751 636 et
771 581 950 638 ceterorum
972 573 1096 640 animos
1119 574 1189 640 refi-

215 665 326 722 tceret
346 664 379 722 et
398 653 446 719 illi
470 655 594 722 facilius
621 656 763 743 periculo
792 658 840 752 eri
862 666 1001 724 arentur.
1045 657 1115 725 Sed
1135 660 1190 726 ubi

239 741 431 828 Tarquinius
454 739 607 807 Crassum
632 743 821 825 nominavit,
872 743 1009 810 ominem
1037 743 1188 830 nobilem,
1240 764 1241 788 r

238 827 396 890 maxumis
418 827 535 892 divitiis
559 849 682 894 summa
694 830 843 915 potentia,
866 827 921 892 alii
934 849 1002 893 rem
1016 829 1211 896 incredibis

238 912 302 979 lem
322 914 393 997 rati,
413 933 498 1014 pars,
519 913 645 980 tametsi
665 935 778 980 verum
799 911 1050 996 existumabant,
1080 925 1188 983 tamen

239 1001 314 1085 quia
323 1000 357 1063 in
366 998 424 1064 talr
436 1009 576 1087 tempore
590 1008 679 1064 tanta
688 1000 738 1064 vis
748 999 883 1065 hominis
901 1000 1022 1084 [magis]
1034 999 1190 1066 leniunda

238 1107 334 1171 quam
355 1085 548 1170 exagitanda
567 1083 744 1167 videbatur,
766 1084 912 1172 plerique
927 1083 1047 1150 Crasso
1069 1108 1112 1151 ex
1133 1109 1190 1154 ne·

236 1171 330 1254 gotiis
372 1172 481 1236 rivalis
503 1170 647 1253 obnoxii,
677 1169 876 1236 conclamant
903 1169 1043 1237 indicem
1071 1170 1191 1236 falsum

212 1271 324 1340 sesso,
350 1191 457 1344 deque
484 1279 523 1324 ea
548 1279 584 1323 re
604 1255 764 1343 postulant
788 1257 834 1320 uti
859 1254 1025 1321 referauu.
1068 1255 1086 1318 I
1143 1271 1225 1323 uolo

237 1342 421 1408 consulente
437 1341 591 1408 Cicerone
610 1341 761 1429 frequens
777 1350 906 1408 senatus
927 1340 1086 1408 decernit:
1141 1366 1191 1408 ar-

237 1429 326 1514 quini
345 1426 497 1492 indicium
516 1427 633 1492 fa'lsum
658 1427 778 1510 videri,
815 1449 952 1513 eumque
981 1429 1016 1492 in
1048 1425 1194 1494 vinculis

236 1513 452 1596 retinendum,
480 1536 585 1600 neque
614 1513 748 1598 amplius
777 1521 967 1599 potestatem
994 1512 1190 1598 faciundam,
1241 1525 1242 1566 l

236 1599 299 1662 nisi
314 1597 354 1664 de
369 1622 406 1664 eo
421 1598 586 1681 indicaret,
608 1600 697 1662 cuius
720 1597 853 1664 consilio
873 1607 996 1664 tantam
1009 1621 1079 1666 rem
1101 1611 1191 1666 esset

212 1685 394 1751 tmentitus.
437 1683 540 1748 Erant
561 1707 599 1750 eo
619 1693 684 1748 tem
706 1706 761 1750 ore
784 1686 839 1770 qui
860 1685 1108 1768 existumarent,
1140 1686 1189 1751 in-
1203 1694 1227 1741 ¹⁵

236 1768 353 1834 dicium
380 1769 460 1835 illud
489 1791 509 1833 a
533 1769 648 1834 Publio
675 1707 830 1836 ¹dutronio
859 1770 1091 1852 machinatum,
1122 1794 1190 1859 quo

235 1854 359 1920 facilius
382 1855 538 1942 adpellato
555 1853 674 1919 Crasso
687 1875 746 1940 per
767 1857 950 1921 societatem
963 1855 1098 1942 periculi
1112 1857 1189 1924 reli·

210 1963 314 2028 squos
336 1941 421 2006 illius
442 1943 584 2028 potentia
603 1950 742 2026 tegeret3
766 1939 820 2006 alii
834 1941 1044 2028 Tarquinium
1059 1965 1080 2008 a
1095 1941 1188 2012 Cice·

235 2051 313 2094 rone
334 2029 500 2094 inmissum
521 2027 664 2109 aiebant,
694 2050 735 2091 ne
758 2026 895 2091 Crassus
916 2050 1005 2093 more
1036 2049 1094 2094 suo
1117 2051 1188 2094 sus·

234 2125 325 2200 cepto
346 2114 500 2180 malorum
513 2114 688 2199 patrocinio
700 2135 769 2177 rem
782 2111 942 2198 publicam
962 2112 1187 2198 conturbaret3
1199 2121 1243 2200 2⁰¹

209 2201 337 2285 sipsum
352 2199 505 2265 Crassum
519 2222 579 2285 ego
592 2207 704 2285 postea
716 2197 955 2284 praedicantem
976 2199 1093 2281 audivi,
1116 2211 1187 2264 rnn-

233 2294 298 2348 tam
319 2283 406 2349 illam
428 2284 651 2351 contumeliam
673 2283 734 2348 sibi
762 2284 803 2348 ab
826 2282 983 2350 Cicerone
1003 2285 1186 2370 inpositam.
1242 2279 1243 2330 f

192 2392 232 2446 lu
296 2367 362 2435 Sed
383 2370 503 2436 eisdem
524 2370 717 2456 temporibus
733 2366 870 2448 Quintus
886 2369 1020 2436 Catulus
1035 2369 1186 2435 etGaius

232 2454 307 2518 Piso
330 2456 445 2542 [neque
473 2455 632 2542 precibus]
662 2477 768 2541 neque
802 2457 906 2541 gratia
938 2479 981 2522 ne
1003 2478 1045 2521 ue
1079 2457 1186 2542 pretio

233 2539 420 2606 Ciceronem
448 2539 613 2627 impellere
640 2549 789 2626 potuere,
825 2542 871 2605 uti
903 2565 961 2628 per
1021 2539 1226 2630 llobroges²⁵

232 2635 287 2690 aut
308 2624 404 2690 alium
426 2625 564 2692 indicem
586 2625 686 2692 Gaius
709 2623 830 2692 Caesar
851 2625 932 2692 falso
953 2629 1184 2694 nominaretur.

213 2711 1185 2814 rNamuterquecumillogrsvisinimicitiasexercebant‚Piso

229 2797 603 2970 tpffitffld
624 2798 1184 2970 tristissimi

230 2990 273 3035 ax
284 2967 435 3054 petitione
448 2968 649 3055 pontificatus
664 2970 736 3036 odio
755 2971 914 3054 incensus,
937 2969 1023 3055 quod
1036 2979 1184 3036 mama
1193 2982 1225 3032 so

230 3061 343 3136 aetate,
364 3055 523 3119 maxumis
544 3053 718 3121 honoribus
740 3077 835 3139 usus,
858 3054 899 3120 ab
918 3051 1183 3122 ‘adulescentulo'

205 3137 371 3210 sCaessre
397 3140 500 3206 victus
530 3139 731 3208 discesserat
775 3140 839 3208 Res
868 3149 973 3206 autom
1001 3149 1183 3228 opportuna

228 3223 408 3308 videbatur,
431 3225 516 3313 quod
537 3227 728 3312 isprivslim
749 3248 767 3292 e
790 3227 878 3312 regia
898 3225 1099 3309 liberalitate,
1121 3250 1182 3314 pu·

227 3309 677 3378 blicemaxumismuneribus
687 3249 1017 3416 grandempecuniam
1027 3312 1180 3380 debebat.

202 3395 294 3464 rsod
313 3394 371 3462 ubi
398 3395 562 3465 consulem
590 3397 632 3464 ad
652 3406 776 3464 tantm
800 3397 925 3464 facinus
945 3397 1102 3484 inpellere
1122 3419 1221 3469 near

227 3491 356 3570 queunt,
367 3483 429 3569 ipsi
437 3482 620 3632 sinpulntim
627 3483 852 3552 oboumeundo
860 3493 955 3571 arque
962 3484 1178 3569 ementiundo,

227 3587 311 3653 quse
332 3589 368 3634 se
387 3589 428 3634 ex
442 3567 492 3632 Vo
504 3571 605 3636 tur-aio
627 3578 682 3636 out
694 3567 922 3656 Allobrogibus
944 3569 1073 3636 audisse
1093 3569 1179 3638 dias·
