2520 3966
229 291 277 365 Β
518 288 746 365 {vovatus
766 293 894 363 'li-'18

207 466 299 548 aaut
319 477 487 557 postquam
503 468 624 536 adlatas
639 469 759 535 litteras
772 467 899 552 audivit,
924 472 979 550 [et]
994 488 1036 532 ex
1052 487 1186 534 consue·

233 554 342 620 tudine
367 565 453 621 ratus
480 577 577 643 opera
605 565 659 621 aut
686 556 814 642 ingenio
841 576 897 620 suo
927 575 1007 641 opus
1036 575 1127 638 esse,
1153 556 1188 620 in

233 638 470 706 tabernaculum
483 643 613 725 introiit,
629 641 804 708 dormiente
818 639 873 706 illo
888 639 1066 727 epistulam,
1089 661 1188 728 super

233 736 327 876 {tl
347 726 672 879 lopllffilffli?
688 729 844 879 ttttt’
861 728 967 878 {imi
983 725 1212 881 irmigi,

207 897 324 963 ⁵Nabd
357 834 416 983 aa?
429 864 502 986 poit
521 837 629 989 pagullo
651 862 871 986 experrectis,
900 835 1090 987 ubignequd2
1103 837 1188 986 eplis·

231 983 330 1049 tulam
356 988 496 1072 repperit
523 995 555 1050 et
580 1008 649 1051 rem
670 1008 804 1069 omnem,
826 988 874 1050 uti
900 995 971 1050 acta
997 994 1080 1068 erat,
1111 1007 1188 1070 cog·

232 1071 337 1154 novit,
365 1072 467 1157 primo
496 1071 633 1137 indicem
661 1092 754 1158 perse
775 1074 810 1136 ui
839 1080 986 1153 conatus,
1015 1079 1188 1157 postquam

231 1154 266 1221 id
286 1154 402 1220 frustra
422 1157 497 1242 fuit,
526 1157 711 1243 Iugurtham
737 1095 887 1246 placandi
912 1158 1014 1243 gratia
1042 1156 1187 1221 accedit:

234 1241 329 1324 [dicit]
354 1264 434 1330 quae
455 1244 524 1329 ipse
545 1245 722 1330 paravisset
749 1243 870 1326 facere,
900 1241 1033 1330 perfidia
1057 1241 1187 1308 clientis
1199 1262 1228 1312 lo

233 1329 282 1392 sui
302 1336 490 1414 praeventa,
523 1328 701 1394 lacrumans
729 1329 903 1396 obtestatur
929 1351 986 1415 per
1012 1329 1188 1394 amicitiam

231 1435 351 1500 perque
374 1436 431 1478 sua
453 1423 546 1480 antea
558 1415 694 1481 fideliter
716 1425 802 1499 acta,
825 1437 866 1480 ne
882 1436 976 1502 super
991 1413 1047 1479 tali
1061 1413 1186 1479 scelere

187 1519 223 1576 η
233 1508 413 1586 suspectum
435 1521 505 1566 sese
526 1500 666 1566 haberet.
710 1501 763 1566 Ad
793 1523 832 1566 ea
858 1523 933 1584 rex,
967 1499 1057 1564 aliter
1087 1511 1187 1602 atque

232 1585 336 1650 animo
338 1585 505 1735 uperebat
534 1587 659 1673 placide
680 1609 732 1652 res
756 1587 853 1652 ondit.
897 1585 1076 1652 Bomilcare
1098 1585 1186 1650 aliis-

251 1691 292 1735 ue
306 1693 339 1736 m
372 1671 429 1756 tis,
453 1694 531 1759 quos
547 1674 649 1739 socios
663 1674 725 1738 insi
750 1675 849 1738 'arum
864 1681 1063 1759 cognoverat,
1087 1673 1187 1737 inter·
1198 1691 1225 1742 rs

230 1693 321 1824 iectis
342 1758 422 1822 iram
445 1769 659 1845 oppresserat,
681 1781 787 1846 nequa
809 1781 851 1824 ex
866 1781 903 1824 eo
917 1759 1045 1845 negotio
1068 1757 1186 1824 seditio

205 1844 373 1917 aoriretur.
409 1843 521 1931 Neque
532 1855 614 1996 ¹¹ppst
634 1845 669 1910 id
689 1844 832 1911 locorum
845 1844 1016 1931 Iugurthae
1038 1843 1107 1908 dics
1130 1853 1187 1910 aut

229 1951 296 1995 nox
316 1929 384 1995 ulla
405 1931 512 2018 quieta
577 1941 605 1996 t:
627 1953 731 2020 neque
753 1931 823 1997 loco
845 1953 949 2018 neque
970 1929 1097 1996 mortali
1118 1933 1187 1995 cui·

231 2037 325 2104 quam
332 2025 387 2083 aut
400 2017 535 2104 tempori
546 2018 622 2082 satis
637 2017 776 2102 credere,
794 2018 873 2084 civis
886 2016 1069 2118 hostis[que]
1093 2017 1188 2082 iuxta

229 2112 387 2186 metuere,
425 2103 689 2190 circumspectare
725 2104 831 2170 omnia
864 2111 895 2169 et
927 2123 1014 2168 omns
1049 2105 1222 2189 strepitum

228 2209 417 2276 pavescere,
439 2188 502 2255 alio
524 2198 619 2276 atque
641 2188 703 2256 alio
724 2189 812 2274 loco,
835 2210 930 2275 saepe
953 2197 1063 2254 conus
1084 2186 1186 2254 decue

229 2275 366 2359 regium,
389 2286 485 2341 noctu
505 2276 722 2362 requiescere,
744 2275 903 2340 interdum
926 2296 1035 2340 somno
1058 2275 1185 2340 excitus

230 2360 364 2446 arreptis
386 2362 481 2426 armis
503 2359 672 2426 tumultum
693 2361 814 2428 iacere:
836 2362 881 2426 ita
902 2359 1070 2427 formidine
1093 2362 1186 2448 quasi

228 2443 379 2510 vecordia
400 2447 563 2532 exagitari.

179 2550 219 2608 ra
292 2528 394 2618 Igitur
413 2531 577 2617 Metellus,
607 2533 663 2599 ubi
691 2533 732 2599 de
761 2554 837 2600 casu
864 2531 1053 2600 Bomilcaris
1082 2540 1116 2596 et
1137 2533 1184 2598 in·
1194 2551 1219 2604 rs

230 2615 312 2684 dicio
334 2617 490 2703 patefacto
513 2640 554 2682 ex
567 2618 709 2706 perfugis
724 2619 881 2706 cognovit,
902 2640 1011 2685 rursus
1021 2628 1184 2706 tamquam

204 2701 272 2778 aad
284 2704 443 2789 integrum
456 2703 576 2770 bellum
591 2715 704 2770 cuncta
713 2714 804 2792 parat
821 2705 1024 2791 festinatque,
1035 2703 1183 2788 Marium,
1232 2749 1233 2775 r

229 2788 414 2876 augentem
436 2789 475 2856 de
497 2790 700 2877 profectione,
724 2791 818 2856 simul
833 2801 865 2856 et
878 2791 1017 2856 invisum
1039 2797 1071 2854 et
1085 2790 1183 2856 olien-
1231 2821 1232 2854 l

230 2897 300 2942 sum
323 2875 384 2940 sibi
404 2898 516 2963 parum
537 2877 686 2942 idoneum
706 2886 811 2961 ratus,
835 2877 962 2942 domum
984 2875 1122 2941 dimittit.
1230 2905 1231 2934 l

204 2983 221 3036 a
292 2961 336 3026 Et
356 2961 476 3027 Romae
504 2962 632 3048 plebes,
665 2962 777 3028 litteris
808 2985 888 3112 quae
917 2960 957 3027 de
982 2959 1113 3026 Metello
1147 2979 1230 3032 aest*

228 3047 329 3113 Mario
351 3049 467 3114 missae
490 3057 580 3112 erant
602 3050 752 3134 cognitis,
779 3071 820 3114 vo
835 3049 901 3116 enti
922 3048 1025 3112 animo
1055 3045 1096 3112 de
1119 3069 1182 3112 am·
1227 3051 1229 3130 l

204 3133 331 3207 sbobus
354 3142 551 3221 acceperant.
587 3133 774 3221 Imperatori
795 3134 961 3216 nobilitas,
985 3155 1067 3219 quae
1088 3142 1182 3198 antea
1226 3131 1228 3206 l

229 3219 337 3284 decori
357 3217 468 3303 iuerat,
491 3218 630 3284 invidiae
652 3242 739 3304 esse3
762 3229 795 3284 at
816 3219 864 3284 illi
878 3219 970 3284 alteri
984 3218 1111 3304 generis
1127 3218 1181 3283 hu·
1226 3207 1227 3257 l

228 3304 346 3370 militas
361 3304 502 3370 favorem
517 3304 697 3390 addiderat;
721 3318 862 3372 ceterum
883 3306 917 3370 in
930 3313 1064 3391 utroque
1079 3307 1180 3390 magis

230 3389 335 3456 studia
354 3389 491 3476 partium
514 3413 607 3493 quam
629 3391 714 3457 bona
742 3401 797 3457 aut
824 3390 910 3456 mala
931 3411 989 3456 sua
1008 3389 1216 3460 moderatas!

204 3476 399 3554 aPraeterea
435 3475 578 3542 seditiosi
608 3479 810 3564 magistratu
842 3476 974 3564 rolgnrm
1009 3476 1179 3564 exagitare,

228 3558 393 3624 Metellum
408 3560 553 3628 omnibus
568 3563 767 3632 contionibus
782 3561 895 3650 ospitis
910 3580 1079 3645 arcessere,
1101 3560 1180 3628 Mari
