2520 3966
319 295 321 298 ·
437 271 666 341 Novam
687 271 814 339 8'1-89
1051 271 1111 342 111

156 465 316 534 quemque
337 447 553 530 mtissumum3
582 447 677 510 armis
692 444 880 527 libertatem,
903 444 1038 532 patr-iem
1057 465 1111 548 pu·

156 532 319 619 rentisque
342 541 373 597 et
394 530 458 596 alia
480 534 585 596 omnia
605 533 688 618 tegi,
711 529 845 617 gloriam
867 539 961 618 atque
984 529 1111 596 divinas

157 618 277 704 quaeri.
315 615 369 683 Sie
389 616 482 683 brevi
504 619 605 705 spatio
636 618 711 682 novi
740 625 927 704 veteresque
954 614 1134 700 domuerat

157 711 191 769 et
211 704 311 769 virtus
335 705 474 770 omnium
489 725 527 768 ee
548 702 630 768 neiis
653 702 745 768 faeta.

119 809 135 856 o
221 788 267 853 At
292 811 402 875 reges,
439 789 496 854 ubi
525 727 566 854 de
600 787 739 855 adventu
767 788 849 854 Mari
884 797 1133 876 cognoverunto

157 872 279 940 divorsi
314 876 348 939 in
384 875 471 942 locos
507 874 646 941 difficilis
684 873 811 940 absunt
860 873 911 939 Ita
937 873 1109 960 Iugmuhao

180 959 328 1045 lacuerat,
352 961 501 1063 speranti,
526 983 601 1029 mox
616 962 732 1028 effusos
753 960 852 1027 hostis
874 960 983 1026 invadi
1003 982 1107 1110 fosse,

205 1068 335 1130 manos,
373 1049 466 1113 suouti
500 1047 671 1136 plerosque
678 1097 687 1133 ‚
724 1056 844 1113 remoto
881 1056 968 1112 metu
1017 1048 1107 1112 axius

155 1130 303 1197 licentius
326 1155 366 1197 ue
388 1134 519 1200 futmos.

99 1241 134 1293 ιο
219 1157 367 1284 Metedus
389 1221 512 1286 interea
537 1219 671 1287 Romam
698 1220 858 1306 proiectus
888 1227 997 1285 eontra
1018 1220 1153 1304 spem88

155 1323 244 1368 suem
268 1301 458 1409 laetissumis
475 1307 589 1374 animis
605 1308 775 1408 excipitur,
790 1305 877 1392 plebi
890 1304 1104 1392 patribusque,

153 1392 465 1542 P⁰⁵ii¹imu¹iiii²
480 1393 1045 1565 {differitatem
1073 1485 1129 1550 a

152 1559 292 1627 hostium
313 1585 365 1629 res
387 1566 507 1650 pariter
522 1564 695 1649 attendere,
712 1585 915 1650 cognoscere,
939 1561 1104 1650 quidboni

97 1667 131 1718 ta
151 1647 230 1712 utris
253 1669 294 1712 ue
317 1658 371 1713 aut
393 1659 504 1714 eontra
532 1660 630 1734 esset,
654 1649 820 1738 explorare
848 1651 962 1714 itinera
982 1671 1102 1734 regum,

152 1669 286 1798 oonsiiia
301 1743 332 1798 et
346 1735 479 1802 insidias
495 1759 604 1803 eorum
626 1738 838 1820 antevenire,
860 1734 940 1801 nihil
961 1733 1046 1821 apud
1068 1756 1103 1800 se

150 1818 317 1884 remissum
340 1843 445 1909 neque
468 1822 553 1909 apud
582 1821 654 1888 illos
684 1831 786 1889 tutum
816 1822 901 1908 patiw
936 1819 1048 1908 Itaque
1070 1827 1125 1887 et!

151 1903 304 1970 Gaetulos
341 1916 373 1972 et
407 1908 609 1994 Iugurtham,
654 1929 696 1972 ex
732 1909 825 1973 sociis
861 1908 977 1972 nostris
1012 1927 1102 1992 prae-

150 1989 208 2055 des
237 1994 378 2078 agentis,
401 2016 497 2082 saepe
526 1993 696 2081 adgressus
725 1996 759 2058 in
779 1994 891 2058 itinere
907 1991 1039 2077 fuderat,
1055 1993 1102 2096 io·

94 2099 130 2150 20
150 2098 283 2166 sumque
311 2101 420 2166 regem
442 2080 528 2145 haud
555 2077 728 2167 proculab
752 2078 869 2165 oppido
891 2077 980 2143 Cirta
1006 2099 1101 2144 armu

51 2211 52 2216 η
149 2173 290 2228 exuerat.

212 2249 304 2328 Quae
329 2260 499 2338 postquam
527 2250 666 2339 gloriose
694 2250 788 2316 modo
817 2273 920 2337 neque
947 2249 1025 2316 belli
1045 2260 1125 2337 pat

147 2335 253 2400 nandi
276 2338 442 2422 cognovit,
472 2340 581 2404 statuit
601 2336 706 2422 urbis,
738 2359 819 2424 quae
847 2338 924 2404 viris
954 2346 1008 2402 aut
1029 2335 1099 2403 loeo

146 2442 207 2506 pro
228 2420 371 2487 hostibus
394 2432 426 2488 et
446 2421 617 2490 advorsum
645 2446 679 2488 se
702 2424 975 2509 oportunissumae
998 2430 1098 2506 erent,

95 2523 129 2572 25
149 2505 290 2590 singnrlas
313 2508 563 2575 circumvenire:
584 2511 629 2575 ita
649 2509 835 2595 Iugurtham
857 2518 912 2574 aut
931 2509 1098 2595 praesidiis

147 2592 310 2678 nudatum,
341 2595 369 2660 si
398 2618 436 2660 ea
463 2603 640 2682 pateretur,
664 2605 718 2660 sut
745 2595 867 2685 proelio
897 2604 1096 2660 certaturum.

146 2677 229 2742 Nam
250 2677 397 2745 Booehus
418 2682 546 2747 nuntios
569 2682 611 2747 ad
633 2704 705 2745 eum
728 2703 823 2768 saepe
844 2682 991 2764 miserat,
1013 2681 1121 2746 velles

145 2763 256 2914 FOPUH
263 2765 398 2830 Romani
409 2768 595 2834 amicitiam:
610 2767 729 2853 nequid
741 2767 781 2832 ab
791 2790 826 2832 se
833 2767 947 2832 hostile
961 2768 1095 2832 timeret

164 2848 185 2912 d
199 2849 445 2936 simulaverim,
461 2876 523 2941 quo
536 2855 716 2940 inprovisus
766 2854 855 2919 avion
868 2851 1040 2936 secederet,
1055 2862 1119 2916 ans

96 2955 128 3007 ³0
145 2934 322 3001 mobilitate
344 2939 452 3024 ingeni
473 2962 585 3026 pacem
613 2948 707 3026 atque
761 2939 855 3004 ellum
879 2948 1001 3004 mutare
1022 2937 1094 3003 soli·

145 3029 215 3106 tus,
243 3043 356 3109 parum
386 3024 584 3111 exploratum
614 3034 670 3090 est.
715 3023 780 3091 Sed
809 3024 935 3108 censui,
965 3025 1011 3088 uti
1033 3031 1142 3092 sta-8(

144 3115 258 3193 tuerat,
282 3109 400 3197 oppida
421 3111 614 3197 castellaque
636 3112 757 3176 munita
779 3111 883 3194 adire,
914 3112 1029 3196 partim
1050 3110 1093 3193 vi,

145 3193 211 3258 alia
230 3205 318 3260 metu
339 3204 394 3260 aut
413 3198 555 3283 praemia
578 3197 763 3262 ostentando
794 3206 937 3262 avortere
960 3195 999 3260 ab
1021 3194 1093 3260 hos-

145 3279 240 3344 tibus.
276 3280 327 3346 Ae
340 3283 442 3368 primo
464 3283 637 3348 mediocria
658 3282 798 3369 gerebat,
822 3282 1026 3363 existumans,
1041 3281 1117 3363 Iu·2

97 3383 128 3433 ³5
145 3365 293 3452 girtham
305 3365 344 3432 ob
361 3391 434 3434 suos
449 3368 596 3434 tutandos
611 3370 762 3434 inmanus
776 3378 951 3433 venturum.
965 3367 1116 3432 sedebis

146 3450 237 3517 illum
251 3452 362 3540 proeul
374 3454 486 3520 abesse
503 3464 534 3520 et
549 3455 619 3520 aliis
639 3454 773 3540 negotiis
789 3456 944 3518 intentum
958 3453 1090 3542 sucepit,

146 3538 269 3603 maiora
290 3547 323 3604 et
343 3541 445 3626 magis
475 3563 588 3626 aspera
610 3540 743 3626 adgredi
765 3549 889 3627 tempus
903 3540 1008 3606 visum
1031 3548 1087 3605 est
