2502 3968
229 273 271 340 14
569 261 777 334 CATILINA
799 267 841 333 20

201 463 217 515 2
287 441 342 510 ‘Ni
372 444 474 510 vinus
506 436 649 528 fidesque
676 449 785 507 vostra
811 450 953 528 spectata
976 441 1056 506 mibi
1075 440 1189 527 forent,

225 533 418 620 nequiquam
455 538 611 617 oportrma
646 549 698 593 res
735 528 918 594 cecidisset:
961 543 1034 615 spes
1063 548 1189 615 magna,

226 618 398 684 dominatio
424 617 459 680 in
487 615 634 681 manibus
665 615 782 679 frustra
814 615 963 698 finissent;
995 632 1099 701 neque
1131 637 1189 702 ego

225 728 284 793 per
312 704 474 790 ignaviam
503 709 557 766 aut
588 721 673 766 vana
700 701 831 787 ingenia
858 701 980 765 incerta
1006 723 1064 787 pro
1095 700 1190 767 certis

201 799 397 878 acaptarem.
442 786 507 854 Sed
541 789 615 875 quia
645 786 755 853 multia
785 797 817 852 et
844 789 969 874 maguis
997 789 1211 876 tempestati-t

225 877 286 944 bus
320 899 379 942 vos
414 875 550 962 cognovi
578 874 668 938 sortis
697 873 842 961 fidosque
870 873 965 956 mihi,
999 895 1036 938 eo
1066 875 1189 940 animus
1241 901 1242 912 ¹

226 985 321 1029 ausus
355 972 404 1028 est
435 983 620 1026 maxumum
653 969 748 1047 atque
780 959 1037 1047 pulcherrumum
1067 960 1190 1026 facinus
1241 969 1242 1028 1

226 1051 383 1137 incipere,
413 1046 507 1112 simul
534 1048 610 1134 quia
634 1045 727 1112 vobis
755 1047 868 1111 eadem
894 1066 976 1133 qnae
1001 1045 1079 1110 mihi
1105 1047 1192 1112 bona

202 1137 373 1223 tmalaque
395 1155 466 1200 esse
487 1133 650 1200 intellexi:
678 1155 753 1197 nam
775 1131 861 1197 idem
881 1132 967 1197 velle
989 1143 1083 1220 atque
1104 1133 1191 1198 idem

226 1223 328 1306 nolle,
351 1245 390 1288 ea
411 1221 539 1287 demum
560 1221 653 1284 firma
675 1220 814 1283 amicitia
836 1229 893 1283 est.
1202 1241 1228 1290 to

202 1329 217 1378 c
290 1310 356 1376 Sed
378 1330 438 1394 ego
461 1329 543 1394 quae
564 1315 671 1372 mente
701 1307 819 1392 agitari
826 1354 835 1389 ,
864 1327 974 1370 onmes
1002 1308 1067 1372 iam
1097 1317 1192 1374 antea

201 1396 347 1465 ediversi
361 1394 504 1459 audistis.
535 1391 687 1458 Ceterum
708 1392 787 1457 mihi
808 1394 843 1456 in
857 1393 926 1457 dies
939 1394 1042 1479 magis
1065 1396 1191 1460 animus

227 1481 426 1565 accenditur,
457 1501 530 1544 cum
552 1478 736 1561 considero,
767 1499 849 1566 quae
871 1479 1015 1544 condicio
1036 1482 1121 1545 vitae
1143 1482 1190 1546 fn·

227 1578 299 1633 tura
320 1569 377 1651 sit,
409 1567 473 1630 nisi
492 1575 619 1630 nosmet
639 1566 651 1628 i
675 1565 703 1629 si
723 1564 923 1630 vindicamus
943 1566 979 1630 in
1001 1565 1190 1632 libertatern.
1242 1603 1243 1638 t

204 1655 309 1722 tNam
330 1662 497 1740 postquam
525 1673 579 1716 res
607 1585 738 1738 pellica
764 1651 800 1716 in
819 1673 993 1740 paucorum
1038 1655 1190 1718 utentium
1203 1673 1229 1722 15

228 1742 278 1807 ius
310 1747 342 1805 at
363 1760 404 1804 ue
437 1737 595 1803 dicionem
628 1739 802 1822 concessit,
840 1761 966 1825 semper
996 1675 1061 1804 illis
1097 1763 1132 1805 re
1166 1789 1169 1792 -

228 1762 404 1893 tetrarclae
426 1824 600 1911 vectigales
623 1845 712 1908 esse,
734 1824 846 1911 populi
866 1827 1010 1890 nationes
1033 1827 1136 1913 stipen
1162 1828 1193 1891 'a

228 1913 385 2018 pendere;
408 1911 506 1978 ceteri
528 1931 656 1994 omnes,
680 1912 801 1974 strenui
821 1911 914 1994 boni,
942 1911 1066 1977 nobiles
1094 1922 1191 2000 atque

228 2001 403 2089 ignobiles,
430 1998 544 2085 volgus
566 1997 698 2082 finimus,
731 1998 799 2061 sine
829 1999 932 2083 gratia
960 1999 1029 2063 sine
1055 2000 1190 2064 auotori-

227 2097 306 2171 tate‚
330 2089 376 2153 eis
391 2086 522 2152 obnoxii
527 2135 537 2169 ‚
561 2083 691 2171 quibus,
715 2085 743 2148 si
764 2107 816 2149 res
831 2084 961 2171 publica
974 2084 1105 2170 valeret,
1126 2086 1228 2154 for-tc

203 2174 340 2242 emidiui
362 2192 514 2238 essemus.
547 2171 660 2258 Ituque
683 2172 785 2236 omnis
839 2171 903 2235 atis
916 2173 1066 2258 potentia,
1087 2171 1190 2238 hones

228 2260 357 2324 divitiae
386 2258 473 2346 apud
500 2257 574 2322 illos
604 2266 677 2321 sunt
706 2266 761 2322 aut
770 2279 803 2332 ,u
826 2258 838 2320 i
866 2256 914 2320 illi
941 2257 1067 2342 volunt3
1096 2257 1189 2323 nobis
1243 2273 1244 2288 ³

203 2345 384 2431 ereliquere
405 2343 549 2431 pericula
569 2342 729 2428 repulsas,
751 2342 870 2408 iudicia
885 2353 1066 2429 egestatem.
1095 2341 1187 2426 Quae

228 2451 409 2518 quousque
430 2427 560 2494 tandem
580 2429 755 2515 patiemini,
777 2429 950 2494 fortissumi
971 2429 1054 2494 viri?
1075 2429 1189 2496 Nonne

229 2518 328 2582 emori
354 2539 415 2603 per
442 2515 592 2580 virtutem
620 2524 776 2666 praestat,
804 2535 899 2602 quam
919 2517 1019 2580 vitam
1039 2517 1228 2602 miserante

229 2611 324 2691 atque
356 2602 571 2684 inhonestam,
604 2602 661 2666 ui
695 2601 818 2667 alienae
852 2602 1019 2688 superbiae
1050 2601 1189 2668 ludibrio

189 2690 335 2775 toneris,
357 2711 417 2776 pen
438 2681 577 2753 dedecus
600 2687 769 2752 amittere?
800 2687 922 2772 Verum
936 2691 1107 2772 enimvero,
1152 2711 1188 2755 ro

228 2776 324 2841 deum
345 2785 441 2862 atque
463 2773 628 2839 hominum
647 2774 760 2859 fidem,
781 2773 916 2840 victoria
936 2775 971 2839 in
983 2795 1081 2840 manu
1094 2713 1188 2841 uoltis

228 2871 291 2928 eet:
344 2862 351 2877 '
394 2870 539 2944 tactas,
581 2862 705 2925 animus
733 2859 834 2945 valet3
864 2870 975 2926 contra
1002 2861 1066 2925 illis
1096 2862 1188 2926 annis

229 2883 464 3036 atqusv‘ffvitiis
487 2947 594 3012 omnia
615 2957 856 3012 consenuerunt
889 2947 1121 3014 Tantummodo
1140 2948 1227 3016 into

190 3053 217 3102 ιι
229 3043 322 3186 pppto
334 3053 413 3122 opus
428 3041 486 3118 est,
509 3042 617 3100 cetere
629 3055 682 3098 res
693 3032 851 3121 expediet
874 3031 1002 3098 Etenim
1013 3035 1084 3121 quis
1105 3053 1188 3099 mor-

230 3206 263 3272 ιι
284 3142 356 3271 tt:
375 3118 543 3273 w
564 3119 1189 3272 itffffitntniittdtittiii

230 3229 434 3358 etvrlrontibnlsJ
449 3227 682 3380 eoaelqulmnisl
700 3291 793 3357 nobis
808 3313 876 3357 rem
888 3291 1078 3358 familiarem
1092 3293 1189 3357 etiam

231 3379 272 3443 nd
291 3380 473 3445 necessaria
494 3378 628 3445 deesse?
648 3378 722 3444 illos
736 3377 828 3442 binas
850 3387 905 3442 ant
919 3377 1054 3467 amplius
1076 3377 1228 3448 comosus

230 3466 428 3548 continuare,
454 3465 548 3532 nobis
574 3465 674 3530 larem
695 3463 884 3530 familiarem
909 3483 1067 3553 nusquam
1086 3463 1189 3530 ullum

193 3550 324 3620 reuss?
367 3549 450 3617 (inm
476 3551 601 3618 tabulas
628 3552 721 3638 signs
747 3559 925 3618 tereumete
952 3559 1074 3636 emunt,
1102 3566 1189 3616 nora
