2502 3968
386 235 593 302 CATILINA
614 235 751 300 39-40
1004 235 1047 301 25

85 411 182 476 mitas
211 431 279 473 rem
328 407 468 473 ublicam
495 409 721 494 oppressisset3
749 427 791 471 ne

813 427 855 472 ue
882 404 963 491 illis,
994 408 1048 496 qui

84 495 255 562 victoriam
319 496 384 581 epti
405 493 524 577 forent,
548 494 664 560 diutius
689 515 728 559 ea
740 427 951 576 utilicuisset,
972 496 1049 596 quin

86 582 222 647 defessis
257 589 289 645 et
324 579 523 666 exanguibus
554 581 608 666 qui
642 578 715 665 plus
744 588 852 666 posset
879 581 1049 666 imperium

86 678 184 755 atque
213 665 392 731 libertatem
422 673 633 753 extorqueret.
681 665 787 730 Fuere
818 674 925 729 tamen
958 675 1074 732 extrat

61 753 340 822 tconiurationem
374 751 560 839 conplures,
598 752 653 838 qui
685 751 727 815 ad
761 749 931 816 Catilinam
960 753 1049 816 initio

109 837 224 904 resecti
246 848 335 921 sunt3
364 839 399 902 in
428 838 474 902 eis
498 847 566 902 erat
590 836 693 902 Aulus
714 835 866 920 Fulvius,
896 839 1050 902 senatoris

6 959 7 1006 3
86 863 184 1008 llius,
207 946 303 1074 ‹puem
323 931 495 988 retracuim
510 945 553 988 ex
566 925 679 988 itinere
695 943 812 1008 parens
827 925 936 987 necari
949 924 1050 988 iussit

154 1009 212 1074 Eis
236 1033 288 1074 em
308 1009 504 1096 temporibus
525 1009 648 1074 Romae
668 1007 833 1091 Lentulus,
857 1011 951 1074 sicuti
966 1009 1077 1076 Cati-t

88 1095 158 1161 lina
185 1105 407 1182 praeceperat,
442 1115 648 1183 quoscunque
675 1094 817 1161 moribus
847 1105 901 1159 aut
928 1095 1054 1160 fouuna

48 1205 79 1255 ιο
88 1183 183 1247 novis
205 1182 302 1245 rebus
323 1182 455 1247 idoneos
483 1181 651 1262 credebat,
680 1191 735 1246 aut
762 1202 822 1266 per
850 1202 885 1246 se
902 1181 969 1246 'aut
997 1203 1055 1268 per

89 1267 172 1333 alios
199 1267 406 1350 sollicitabat,
435 1290 539 1354 neque
562 1267 665 1332 solum
687 1267 784 1347 civis,
816 1266 873 1332 sed
903 1269 1054 1353 cuiusque

88 1353 179 1419 modi
200 1376 301 1439 genus
323 1353 502 1438 hominum,
533 1353 618 1440 quod
647 1352 742 1418 modo
768 1351 856 1418 bello
882 1375 943 1417 usu
964 1353 1053 1417 foret.

89 1440 194 1526 Igitur
220 1439 335 1504 Publio
365 1438 529 1506 Vmbreno
558 1439 685 1503 crudam
716 1439 882 1524 negotium
909 1439 976 1522 dat,
1008 1440 1106 1508 utico

90 1525 122 1590 le
147 1534 215 1590 atos
236 1523 448 1610 Allobrogum
469 1548 504 1590 re
527 1527 610 1590 uirat
637 1546 774 1610 eosque,
804 1526 833 1589 si
858 1527 974 1612 possit,
1009 1526 1054 1588 in·

6 1637 7 1664 1
49 1631 134 1698 ispe
160 1620 192 1676 at
214 1611 256 1676 ad
277 1612 461 1676 societatem
482 1611 524 1676 be
550 1613 577 1694 i,
600 1612 813 1695 existumans,
842 1610 971 1697 publice
992 1612 1055 1696 pri·

90 1699 192 1762 vatim
214 1719 255 1762 ue
270 1719 344 1762 aere
359 1696 463 1761 alieno
477 1719 655 1784 oppressos,
670 1705 837 1782 praeterea
849 1698 933 1846 {uod
943 1705 1056 1760 natura

93 1806 173 1884 geue
228 1781 323 1848 allica
343 1781 498 1849 bellicosa
519 1791 619 1866 esset,
642 1781 736 1848 facile
759 1805 854 1848 eosa
898 1782 961 1847 tale
982 1805 1055 1847 eon·

94 1869 201 1934 silium
231 1869 346 1934 adduci
375 1890 479 1955 posse.
529 1869 731 1953 Vmbrenus,
769 1868 854 1955 quod
885 1869 920 1932 in
950 1867 1081 1933 Gallias

5 2021 6 2050 ζ
92 1956 273 2040 negotiatus
290 1964 366 2037 erat,
381 1954 542 2042 plerisque
556 1953 755 2041 principibus
771 1955 947 2019 civitatium
959 1961 1054 2017 notus

52 2063 84 2112 20
95 2051 165 2106 erat
178 2049 274 2129 atque
289 2063 343 2105 eos
357 2049 507 2106 noverat:
530 2042 637 2127 itaque
653 2042 721 2104 sine
736 2061 834 2121 mora,
850 2040 906 2104 ubi
919 2039 1056 2125 primum

94 2125 218 2213 legatos
246 2129 282 2190 in
310 2127 378 2192 foro
413 2125 595 2212 conspexit,
628 2133 850 2212 percunctatus
879 2145 984 2212 pauca
1016 2125 1057 2189 de

95 2222 180 2278 statu
201 2214 339 2279 civitatis
362 2221 393 2277 et
416 2213 507 2298 quasi
529 2210 640 2275 dolens
664 2211 731 2274 eius
759 2232 868 2274 casum
893 2211 1057 2297 requirere

96 2301 218 2386 coepit,
247 2320 341 2385 quem
364 2300 483 2363 exitum
504 2298 600 2362 tantis
621 2294 715 2361 malis
736 2296 924 2382 sperarent?
967 2296 1083 2365 Post-s

97 2407 193 2471 quam
222 2384 294 2449 illos
326 2384 415 2448 videt
447 2385 538 2470 queri
570 2382 611 2447 de
645 2383 778 2447 avaritia
807 2384 1056 2468 magistratuum,

55 2488 86 2538 25
98 2493 250 2536 accusare
278 2479 439 2552 senatum,
476 2469 560 2556 quod
594 2469 628 2532 in
658 2490 696 2533 ee
727 2467 826 2532 auxili
854 2467 934 2532 nihil
963 2477 1055 2550 esset,

96 2557 234 2621 miseriis
257 2557 322 2619 suis
343 2554 520 2620 remedium
541 2564 675 2619 mortem
703 2563 888 2639 expectare:
908 2548 965 2618 ‘At
988 2553 1056 2639 ego'

97 2643 201 2729 inquit
231 2637 350 2724 'vobis,
385 2643 413 2704 si
440 2640 535 2706 modo
561 2642 624 2704 viri
656 2661 727 2704 esse
755 2639 868 2723 voltis,
903 2640 1058 2704 rationem

99 2727 274 2810 ostendam,
298 2749 362 2814 qua
381 2737 470 2792 tanta
491 2729 553 2791 ista
573 2724 659 2790 mala
680 2721 854 2810 effugiatis!
894 2725 985 2789 Haec
1002 2723 1084 2793 ubit

99 2814 194 2898 dixit,
217 2812 408 2898 Allobroges
430 2814 464 2876 in
478 2833 661 2876 maxumam
677 2833 766 2898 spem
782 2810 911 2875 adducti
925 2809 1058 2875 Vmbre-

59 2918 175 2970 tonum
198 2920 305 2983 orare,
333 2908 370 2964 ut
399 2900 448 2964 sui
468 2899 687 2962 misereretur:
716 2895 796 2960 nihil
825 2905 890 2962 tam
913 2917 1058 2982 asperum

98 3006 203 3086 neque
224 2994 290 3049 tam
312 2984 441 3049 difficile
465 3004 551 3067 esse,
575 2983 660 3070 quod
680 3005 745 3048 non
768 2980 980 3069 cupidissume
994 2980 1058 3044 fac·

99 3080 162 3135 tun
185 3080 299 3154 essent,
312 3068 398 3135 ‘dum
421 3091 460 3134 sa
479 3089 532 3134 res
555 3071 715 3134 civitatem
737 3090 810 3133 aere
826 3067 930 3132 alieno
945 3065 1058 3129 libera-

99 3166 157 3221 ret.
194 3155 254 3220 Ille
277 3177 330 3221 eos
349 3157 384 3220 in
399 3156 527 3221 domum
540 3154 677 3219 Decumi
691 3154 783 3218 Bruti
797 3152 951 3242 perducit,
975 3151 1084 3237 quodt

99 3241 168 3307 soro
200 3243 379 3343 propinqua
412 3251 480 3306 erat
510 3263 615 3328 neque
648 3239 753 3305 aliena
785 3237 897 3303 consili
929 3244 1059 3325 propter

59 3326 336 3413 etSempromam3
373 3349 448 3391 nam
480 3337 548 3391 mm
581 3327 699 3392 Brutus
731 3325 772 3390 ab
804 3324 908 3389 Roma·
938 3322 1057 3387 aberat.

100 3414 271 3478 Praeterea
293 3411 465 3478 Gabinium
486 3414 636 3495 accersit,
667 3434 728 3501 quo
758 3412 859 3475 maior
888 3408 1084 3478 auctoritate

101 3500 241 3565 sermoni
255 3500 382 3564 inesset.
419 3498 468 3564 Eo
488 3508 654 3582 praesente
677 3497 926 3565 coniurationem
947 3494 1057 3577 aperit,
