2502 3968
102 253 155 302 XII

104 434 146 497 ut
163 424 267 496 varia
283 425 376 497 varii
395 423 600 521 argumenti
617 422 863 498 additamenta
882 412 992 522 atque
1014 423 1124 498 inter-

104 553 333 642 pretamenta
366 587 416 598 -
452 543 517 616 sed
551 543 729 640 pleraque
768 544 894 642 inepta
933 588 976 598 —
1013 543 1125 618 inter-

102 676 292 763 ponerent,
321 689 417 762 quae
443 689 544 737 nunc
569 664 726 738 fortasse
753 665 842 736 dum
867 661 1018 737 meliora
1040 663 1126 738 sub-

104 783 195 861 sidia
214 784 356 880 desunt,
384 809 431 856 ne
449 783 601 880 agnosci
619 782 769 880 quidem
787 783 909 855 omnia
926 782 1021 857 licet.
1050 783 1126 858 Sed

104 905 282 1002 quaedam
322 913 418 976 certe
453 903 530 976 eius
564 903 708 999 generis
743 903 892 976 insitiva
925 914 1025 978 recte
1066 905 1125 978 de-

101 1023 339 1124 prehendisse
365 1022 456 1096 mihi
481 1022 628 1117 videor,
669 1023 708 1096 in
733 1023 862 1121 primis
889 1023 969 1120 Iug.
1001 1026 1060 1120 89,
1089 1026 1123 1117 5,

100 1145 165 1218 ubi
192 1144 314 1218 adhuc
340 1143 492 1218 Sallusti
517 1145 634 1218 verba
660 1142 785 1240 glossa
811 1143 1012 1218 admodum
1038 1144 1125 1218 ridi-

102 1267 186 1341 cula
210 1267 466 1340 foedabantur.
520 1264 649 1339 Vnum
683 1263 972 1360 corruptelarum
1008 1289 1124 1363 genus

102 1396 311 1461 constanter
349 1383 649 1484 persequendum
694 1384 838 1476 censui,
893 1384 995 1481 quod
1040 1411 1125 1459 oum

100 1505 374 1580 Palmarius
416 1515 451 1578 ct
491 1502 682 1578 Oortius
721 1503 781 1576 hic
820 1503 895 1579 illio
934 1515 1126 1578 notassent

101 1627 320 1701 recentiores
346 1623 566 1723 plerumque
591 1622 843 1722 neglexerunt.
873 1622 1021 1723 Quippe
1040 1649 1124 1698 cum

101 1749 217 1820 verba
250 1745 395 1820 dicendi
429 1744 490 1818 vel
525 1743 706 1818 sentiendi
741 1755 826 1816 anto
866 1745 1122 1818 accusativum

102 1877 186 1941 cur'n
212 1866 394 1940 infinitivo
421 1865 551 1939 ubiubi
587 1891 630 1938 ex
665 1873 750 1938 ante
786 1863 1002 1938 cedentibus
1038 1891 1124 1963 sup-

100 1986 195 2087 pleri
220 1996 391 2086 possunt,
427 1985 594 2060 omittere
622 1982 817 2058 Sallustius
844 1983 978 2074 soleat,
1014 2011 1125 2084 saepe

101 2133 143 2181 aa
167 2107 208 2181 in
233 2106 335 2180 libris
360 2132 446 2180 mss.
474 2103 605 2203 putide
632 2103 758 2177 addita
793 2104 980 2198 videmuS,
1020 2105 1125 2181 velut

103 2227 182 2306 Oat.
211 2230 271 2319 46,
301 2229 324 2300 2
352 2228 413 2318 (cf.
441 2229 501 2318 48,
532 2224 589 2326 2);
617 2229 677 2315 47,
706 2230 743 2314 1,
770 2224 849 2324 lug.
878 2229 937 2320 90,
967 2231 1009 2317 2,
1040 2231 1124 2318 106,

103 2355 132 2430 l,
153 2352 197 2443 2,
232 2352 315 2442 112,
345 2347 446 2449 2(0f.
479 2349 562 2438 107,
594 2351 634 2440 1,
666 2349 750 2443 109,
780 2349 813 2437 3,
841 2348 977 2422 ubico
1003 2348 1124 2422 delen-

101 2467 190 2540 dum
218 2470 323 2566 erat),
352 2478 388 2540 et
415 2491 510 2566 quae
537 2476 624 2539 sunt
650 2465 727 2540 eius
754 2469 898 2565 generis
925 2467 1080 2566 reliqua.

175 2586 279 2662 Alias
307 2586 535 2686 corruptelas
562 2587 651 2659 satis
678 2587 814 2662 multas
832 2588 884 2662 ita
900 2587 1029 2662 tollere
1048 2599 1123 2662 stu-

101 2707 174 2802 dui,
202 2719 255 2781 ut.
271 2708 504 2782 coniecturae
529 2706 592 2779 vel
618 2706 775 2782 aliorum
802 2707 861 2782 vel
878 2734 982 2782 meae
1000 2708 1124 2783 locum

100 2827 244 2921 darem,
284 2815 407 2928 qualia
442 2838 530 2902 sunt
566 2826 647 2903 Oat.
688 2832 754 2921 10,
791 2833 832 2921 3,
882 2832 947 2923 30,
987 2834 1008 2904 2
1047 2833 1120 2928 (vg.

101 2951 160 3041 27,
182 2949 241 3051 3),
270 2955 329 3044 31,
353 2953 371 3022 1
392 2951 468 3047 (vg.
489 2952 550 3039 31,
569 2948 629 3048 5),
657 2952 718 3042 46,
741 2953 783 3044 6,
812 2953 873 3044 52,
902 2952 950 3024 35
972 2949 1029 3050 (ef.
1058 2976 1121 3025 em.

98 3065 184 3144 Sall.
205 3095 247 3170 p.
277 3073 352 3166 18).
380 3069 459 3167 lug.
488 3072 523 3164 4,
550 3072 593 3163 4,
630 3072 691 3160 47,
721 3073 761 3164 2,
801 3075 859 3165 74,
898 3075 941 3163 2,
981 3075 1040 3162 89,
1079 3075 1122 3162 7,

104 3191 162 3282 92,
203 3195 236 3284 1,
278 3192 338 3282 93,
374 3193 410 3262 4.
441 3191 462 3262 8
490 3187 552 3286 (cf.
581 3212 645 3262 em.
673 3184 761 3263 Sall.
783 3215 824 3287 p.
852 3188 935 3289 21),
981 3194 1039 3265 97.
1077 3194 1121 3282 5,

101 3312 186 3400 114,
215 3311 250 3384 2.
279 3305 342 3383 Or.
361 3309 453 3408 Lep.
484 3312 552 3400 18,
584 3312 746 3389 20-21,
777 3309 841 3389 Or.
861 3309 957 3384 Phil.
988 3310 1122 3404 3(bis)

99 3429 164 3506 Or.
193 3427 291 3505 Oott.
332 3434 365 3504 7.
398 3435 456 3504 14.
494 3429 560 3505 Or.
588 3429 704 3504 Macri
741 3432 801 3504 20.
837 3429 907 3529 Ep.
936 3430 1057 3503 Mithr.
1087 3432 1121 3503 2.
