2502 3968
188 239 230 304 26
483 235 687 300 cauma
708 235 844 298 40-43

190 407 330 472 nominat
351 407 470 488 socios,
499 413 664 492 praeterea
689 404 804 470 multos
834 404 984 492 cuiusque
1014 407 1142 491 generis

190 493 352 574 innoxios,
380 512 441 578 quo
463 490 576 576 legatis
598 492 721 554 animus
743 488 877 575 amplior
898 500 995 573 osset3
1026 490 1142 555 deinde

142 595 245 649 neos
273 576 431 663 pollicitos
461 597 589 662 operam
618 597 708 639 suam
736 576 864 639 domum
892 575 1028 639 dimittit.
1078 576 1143 640 Sed

191 661 381 746 Allobroges
403 661 458 724 diu
478 663 513 725 in
532 661 653 724 incerto
674 660 830 743 habuere,
858 660 1008 761 quidnam
1030 661 1144 726 consili

168 769 231 818 2ca
253 756 350 811 erent
378 745 417 808 In
438 744 537 809 altera
557 753 647 830 parte
670 754 737 809 erat
758 767 812 809 aes
834 744 981 828 ahenum,
1004 746 1166 816 studiums

192 832 233 898 be
260 834 285 914 ',
312 852 428 915 magna
447 852 570 895 merces
592 832 626 893 in
648 853 704 916 spe
725 831 890 913 victoriae3
921 839 954 895 at
980 832 1014 895 in
1043 831 1145 896 altera

193 918 328 982 maiores
351 937 439 1001 opes,
469 924 536 979 tuta
566 915 710 998 consilia,
738 937 796 1001 pro
825 917 946 979 incerta
972 937 1028 1001 spe
1058 926 1145 980 certa

169 1003 343 1088 apraemia
386 1001 477 1066 Haec
497 1000 561 1064 illis
582 1000 798 1082 volventibus,
831 1001 958 1064 tandem
983 1003 1061 1066 vicit
1082 1002 1144 1065 for·

170 1097 273 1159 otuna
304 1087 352 1150 rei
382 1085 539 1171 publicae.
581 1084 611 1149 It
652 1106 692 1149 ue
725 1083 843 1165 Quinto
874 1085 976 1148 Fabio
1009 1085 1144 1171 Sangae,
1230 1040 1233 1134 i

197 1172 285 1260 cuius
306 1173 479 1256 patrocinio
496 1171 606 1234 civitas
621 1194 642 1256 p
655 1192 801 1234 murnum
815 1170 975 1253 utebatur,
997 1193 1065 1234 rem
1080 1193 1145 1235 om·
1158 1198 1189 1247 1⁰
1233 1142 1234 1220 l

172 1277 278 1336 anem,
300 1257 347 1320 uti
361 1264 583 1340 cognoverant,
606 1258 759 1342 aperiunt.
790 1255 912 1338 Cicero,
934 1279 993 1341 per
1007 1255 1146 1341 Sangam
1234 1243 1235 1314 l

196 1340 327 1406 oonsilio
350 1343 489 1425 cognito,
518 1340 821 1427 legatispraecipit,
847 1351 883 1404 ut
909 1341 1045 1406 studium
1072 1363 1147 1406 oon·
1235 1346 1236 1402 l

196 1427 357 1490 iurationis
379 1425 583 1490 vehementer
601 1425 762 1508 simulent,
786 1436 908 1490 ceteros
930 1426 1044 1490 adeant
1063 1425 1148 1490 bene
1236 1446 1237 1482 l

196 1510 417 1596 polliceantur,
441 1510 576 1597 dentque
597 1531 726 1596 operam
746 1513 794 1575 uti
812 1533 867 1577 eos
887 1533 981 1597 quam
999 1533 1149 1576 maxume
1237 1548 1238 1568 ι

197 1595 388 1659 manufestos
410 1594 556 1660 habeant.
1162 1617 1190 1667 15
1238 1650 1239 1664 ι

147 1701 187 1753 ⁴2
259 1680 390 1743 Eisdem
410 1679 477 1744 fere
498 1681 691 1766 temporibus
714 1683 747 1744 in
769 1680 875 1746 Gabia
895 1681 1033 1746 citeriori
1054 1690 1150 1769 atque

197 1765 351 1846 ulteriori,
378 1765 454 1828 item
481 1766 516 1828 in
599 1788 617 1830 o
646 1766 764 1830 Piceno
790 1766 913 1832 Bruttio
940 1765 1057 1852 Apulia
1082 1789 1150 1831 mo-

174 1859 346 1920 eluserat.
379 1849 522 1936 Namque
547 1852 553 1866 '
583 1852 605 1934 ',
629 1873 707 1937 quos
730 1860 803 1914 ante
819 1850 956 1915 Catilina
977 1851 1149 1934 dimiserat,

198 1935 373 2002 inconsulte
403 1957 441 1998 ac
469 1934 568 2000 veluti
598 1959 657 2021 per
689 1935 879 2000 dementiam
911 1945 1025 2001 cuncta
1056 1936 1151 2002 simul

199 2021 349 2108 agebant3
370 2022 530 2084 nocturnis
546 2020 699 2103 consiliis,
722 2043 879 2085 armorum
901 2032 994 2108 atque
1015 2021 1151 2087 telorum
1161 2049 1194 2098 2⁰

198 2106 435 2193 portationibus,
451 2105 637 2188 festinando,
660 2105 808 2192 agitando
824 2107 930 2170 omnia
943 2106 1014 2192 plus
1028 2108 1151 2171 timoris

175 2213 189 2262 a
220 2214 293 2256 uam
317 2191 451 2278 periculi
479 2192 656 2256 effecerant
699 2191 753 2255 Ex
779 2212 816 2256 eo
838 2213 969 2257 numero
991 2191 1152 2278 conpluris

200 2217 336 2356 Cuiatis
364 2275 511 2340 Metellus
541 2277 635 2343 Celer
677 2285 783 2341 raetor
808 2297 849 2339 ex
876 2276 977 2340 senati
997 2277 1151 2359 consulto,

201 2383 313 2426 caussa
335 2363 473 2445 cognita,
502 2363 536 2424 in
556 2363 631 2426 vinc
664 2383 684 2426 a
705 2362 896 2445 coniecerat3
925 2363 1000 2425 item
1020 2362 1055 2424 in
1076 2364 1152 2426 cite-

201 2448 277 2511 riori
299 2444 404 2510 Callia
426 2444 523 2510 Gaius
544 2445 692 2528 Murena,
715 2447 770 2533 qui
785 2447 815 2510 ei
827 2448 1010 2534 provinciae
1029 2446 1152 2531 legatus
1162 2469 1196 2518 2⁵

224 2538 355 2595 raeerat.

154 2555 222 2689 qap
265 2614 310 2680 At
329 2615 448 2680 Romae
468 2613 621 2680 Lentulus
651 2637 723 2680 cum
753 2618 880 2699 ceteris,
910 2617 963 2702 qui
992 2617 1154 2702 principes

205 2701 427 2766 coniurationis
461 2709 567 2784 erant,
600 2703 718 2787 paratis
746 2712 781 2765 ut
806 2702 995 2766 videbantur
1026 2703 1153 2786 magnis

204 2787 318 2874 copiis,
351 2786 588 2868 constituerant,
621 2788 680 2868 uti,
714 2808 786 2850 cum
813 2785 950 2850 Catilina
981 2788 1014 2849 in
1042 2807 1154 2870 agrum

204 2870 415 2938 Faesulanum
444 2891 516 2934 eum
545 2873 686 2936 exercitu
713 2872 865 2954 venisset,
897 2870 1014 2935 Lucius
1044 2871 1198 2944 Bestiam

205 2955 347 3021 tribunus
369 2954 471 3042 plebis
494 2957 639 3020 contione
660 2955 768 3021 habita
790 2965 972 3042 quereretur
997 2956 1037 3020 de
1059 2958 1155 3021 actio-

205 3040 298 3105 nibus
314 3040 476 3106 Ciceronis
501 3039 639 3127 bellique
658 3042 846 3126 gravissumi
860 3041 1011 3106 invidiam
1026 3050 1154 3127 optumo

208 3125 329 3191 consuli
357 3128 536 3213 inponeret3
565 3147 603 3190 eo
631 3127 720 3210 signo
748 3148 905 3212 proxuma
929 3135 1022 3191 noete
1048 3134 1156 3190 cetera

206 3211 371 3276 multitudo
394 3211 616 3276 coniurationis
640 3233 730 3276 suum
752 3213 884 3297 quisque
898 3213 1059 3296 negotium
1081 3231 1154 3274 exe·

183 3293 526 3446 ²lfl¹i⁹remtnqsfifle²
546 3294 648 3444 dipirisa
668 3295 729 3360 boc
749 3295 842 3360 modo
865 3294 1073 3445 ᾱίοθὶιωέιιιιίι]
1086 3294 1155 3397 Sta·

244 3403 333 3446 ruse
400 3401 522 3444 amrus
551 3402 573 3444 ιι
626 3402 697 3445 oum
725 3403 841 3466 magna
867 3402 963 3445 manu
1010 3401 1051 3444 uo
1075 3401 1157 3445 eoum

210 3465 303 3531 simul
325 3474 479 3554 oportuna
499 3461 570 3532 loca
590 3464 677 3546 urbis
697 3465 918 3548 incenderent,
941 3487 1002 3552 quo
1021 3464 1161 3534 umulta
