2502 3968
1049 293 1098 346 XV

63 461 140 536 lem
169 461 317 560 quidem
337 460 614 534 Lachmanni
642 473 678 534 et
704 463 953 537 Ritschelii
977 468 1097 540 nostri

64 581 175 681 quasi
202 579 356 655 oblitam
383 590 497 678 atque
523 579 772 655 oblitteratam
800 581 921 657 denuo
956 585 995 657 in
1021 612 1098 660 me·

64 701 224 777 moriam
250 712 532 776 revocaverunt.
562 700 678 777 Cuius
707 728 792 776 cum
817 703 878 777 vel
904 705 942 778 in
962 707 1097 781 nostris

68 820 259 896 codicibus
286 821 375 896 satis
402 819 520 894 multa
548 831 585 893 et
612 822 759 920 egregia
783 823 935 922 vestigia
953 851 1098 899 reman-

67 942 202 1038 serint,
247 942 319 1016 hac
356 941 393 1013 in
434 966 475 1014 re
511 941 562 1015 ita
597 941 674 1014 fere
709 954 875 1016 versatus
909 971 1011 1037 sum,
1058 957 1099 1020 ut

66 1087 164 1161 quae
190 1060 263 1134 nisi
289 1060 446 1158 singulis
473 1059 566 1135 locis
593 1062 753 1137 extitisse
780 1089 855 1136 non
873 1063 1097 1157 viderentur,

1 1215 2 1238 ¹
66 1194 109 1256 ut
144 1184 211 1257 aits
244 1206 313 1281 pro
341 1179 451 1274 clius,
495 1181 650 1280 rediitque?
673 1208 740 1282 pro
766 1183 911 1282 reliqui,
956 1183 1029 1257 alia
1062 1185 1099 1259 id

68 1328 206 1402 genus,
242 1302 282 1375 in
308 1302 406 1376 hanc
433 1299 631 1375 editionem
658 1328 733 1376 non
761 1302 1013 1400 admitterem,
1051 1331 1098 1378 ne

68 1422 319 1498 inconstantia
358 1421 557 1519 scripturae
596 1422 734 1496 tirones
768 1424 985 1520 turbentur,
1032 1423 1098 1498 sed

68 1568 325 1642 quaecumque
352 1542 457 1615 aliter
484 1542 594 1618 scribi
623 1569 697 1616 non
724 1553 905 1642 poterant,
942 1569 986 1618 ea
1012 1570 1098 1618 con·

1 1681 2 1740 l
67 1674 182 1738 stater
200 1663 426 1737 inducerem.
456 1660 583 1736 Sciant
599 1662 724 1759 igitur,
752 1663 893 1760 ‘quibus
913 1663 1023 1737 moris
1043 1675 1099 1739 est

1 1875 2 1886 ἵ
76 1783 208 1858 nlicita
245 1782 369 1855 mirari
385 1777 393 1802 ’
409 1794 445 1856 et
479 1807 667 1882 pessumas
708 1782 818 1856 medii
853 1783 936 1857 aevi
972 1786 1098 1860 sordes

76 1902 226 1995 sectari,
272 1903 311 1975 in
346 1901 445 1977 hisce
479 1901 571 1976 nihil
607 1928 651 1975 ex
687 1902 839 1976 arbitrio
873 1903 1010 1978 factum
1037 1915 1103 1980 aut

75 2025 204 2098 fictum
231 2007 336 2112 esse,
369 2020 435 2096 sed
467 2033 612 2096 tantum
649 2047 744 2120 quae
770 2022 939 2120 primitus
966 2025 1101 2123 scripta

75 2153 181 2218 erant
219 2142 404 2235 restituta,
452 2141 553 2240 quod
594 2141 743 2240 quidem
783 2141 917 2216 diserte
956 2170 1100 2236 moneo,

76 2264 207 2362 nequis
234 2274 300 2337 aut
326 2288 450 2336 meum
475 2288 659 2336 novarum
684 2288 808 2336 rerum
842 2264 1004 2337 studium
1038 2275 1104 2338 aut

70 2384 287 2488 typothetae
305 2382 576 2482 neglegentiam
599 2383 845 2457 incusandam
863 2395 1029 2478 censeat3
1060 2409 1102 2457 ea

76 2507 122 2580 de
148 2532 188 2580 re
214 2504 305 2580 mibi
330 2505 403 2578 iam
432 2502 520 2577 satis
548 2502 730 2577 mirabilia
758 2503 980 2578 acciderunt.

147 2627 199 2700 lta
226 2650 327 2697 nunc
352 2624 427 2700 fere
455 2648 567 2721 quam
594 2623 797 2696 verisuume
823 2623 930 2722 potui
968 2622 1105 2723 paucis

71 2747 267 2823 defunctus
294 2771 388 2832 sum,
424 2770 507 2819 cum
535 2742 684 2841 longius
712 2744 890 2842 expatiari
917 2743 1093 2842 temporis

69 2865 259 2965 angustiae
285 2864 478 2938 vetuerint.
507 2860 630 2950 Quare
652 2864 696 2935 de
715 2863 871 2960 singulis
889 2864 1000 2936 rebus
1019 2887 1101 2935 om-

68 2989 178 3062 nibus
205 3012 298 3084 quae
325 2997 512 3084 praeterea
539 2982 763 3082 disputanda
797 2994 883 3056 sunt
910 2982 983 3056 alio
1009 2980 1096 3055 loco

79 3132 258 3209 proxume
284 3129 472 3204 exponam.
549 3129 552 3136 ·

489 3412 690 3420 ...--——-—--
