2502 3968
327 1021 849 1146 IVGVRTHA

190 1355 292 1452 Falso
336 1387 458 1451 ueritur
479 1383 519 1452 de
540 1396 653 1450 nattua
674 1407 731 1449 sue
759 1407 859 1471 genus
886 1384 1095 1470 humanum

109 1472 198 1564 quod
218 1409 368 1538 inbecilla
389 1481 422 1537 at
443 1494 484 1537 ue
507 1472 578 1537 aevi
598 1471 705 1535 brevis
732 1471 813 1536 forte
838 1472 943 1558 potius
973 1494 1069 1560 quam

107 1562 229 1626 virtute
250 1567 387 1644 regatur.
416 1497 499 1623 liam
521 1566 631 1624 contra
643 1557 819 1644 reputando
840 1580 945 1644 neque
966 1560 1093 1625 maiust

108 1645 198 1712 aliud
219 1667 323 1731 neque
345 1643 566 1731 praestabilius
581 1645 734 1726 invenias,
757 1645 922 1732 magisque
936 1654 1068 1712 naturae

79 1731 299 1804 sindustniam
320 1725 484 1796 hominum
506 1752 600 1817 quam
620 1731 687 1793 vim
708 1737 762 1794 aut
789 1739 915 1816 tempus
946 1731 1068 1796 deesse.

108 1817 180 1884 ssd
206 1817 272 1882 dux
300 1826 394 1905 atque
423 1818 594 1920 imperator
622 1817 707 1882 vitae
735 1816 917 1881 mortalium
945 1817 1068 1880 animus

109 1913 176 1970 est:
200 1905 254 1990 qui
268 1902 324 1967 ubi
339 1902 380 1967 ad
394 1901 528 1989 gloriam
541 1903 666 1966 virtutis
680 1902 734 1966 via
748 1911 918 1986 grassatur,
942 1901 1093 1966 abundet

108 1989 236 2076 pollens
258 1998 435 2091 potensque
457 1998 490 2054 et
512 1987 616 2052 clarus
640 1997 688 2052 est
706 2010 811 2074 neque
833 1987 978 2053 fortunae
994 1997 1067 2073 eget

108 2113 155 2127 ·-
170 2077 287 2226 quippe
302 2075 502 2162 prob1tatem,
524 2074 712 2139 industriam
723 2072 865 2160 aliasque
877 2075 955 2138 artis
967 2073 1068 2139 bonas

66 2184 215 2249 seneque
267 2183 320 2225 are
349 2183 452 2249 neque
482 2162 604 2247 eripere
634 2162 780 2246 cuiquam
805 2168 911 2246 potest
931 2183 989 2244 -ς
1019 2161 1094 2226 sint

109 2259 223 2336 captus
244 2247 352 2334 pravis
375 2245 575 2333 cupidinibus
605 2245 646 2310 ad
667 2247 813 2310 inertiam
840 2254 871 2310 et
897 2244 1068 2333 voluptatis

109 2335 253 2421 corporis
274 2334 510 2420 pessumdatus
534 2341 582 2396 est
602 2333 775 2418 pernitiosa
795 2331 937 2398 lubidine
952 2331 1068 2419 paulis·

70 2413 75 2428 '
135 2443 170 2484 er
191 2442 284 2501 usus,
305 2419 362 2484 ubi
376 2441 434 2506 per
449 2419 627 2483 socordiam
640 2418 725 2482 vires
746 2427 881 2505 tempus,
905 2419 1069 2505 ingenium

136 2508 143 2522 '
181 2527 289 2586 uxore,
312 2513 443 2571 naturae
458 2504 624 2568 infirmitas
639 2513 814 2587 accusatur,
831 2528 920 2569 suam
935 2507 1067 2592 quisque

69 2591 239 2678 tsculpam
268 2599 413 2656 auctores
443 2590 484 2656 ad
516 2591 645 2676 negotia
670 2590 871 2655 transferunt.
917 2589 1012 2670 Quod
1040 2593 1092 2657 sis

109 2676 291 2743 hominibus
314 2675 470 2742 bonarum
490 2698 597 2741 rerum
619 2684 707 2740 tanta
729 2697 804 2740 cura
826 2684 926 2760 esset,
950 2685 1067 2763 quanto

118 2763 221 2828 studio
255 2763 359 2828 aliena
391 2785 429 2828 ac
460 2761 540 2827 nihil
562 2763 724 2849 profutura
752 2761 950 2849 multumque
973 2765 1066 2828 etiam

109 2848 291 2938 periculosa
320 2857 449 2936 potunt,
482 2870 586 2935 neque
620 2870 656 2912 re
680 2858 807 2914 crentur
838 2850 940 2935 magis
975 2871 1068 2935 quam

110 2944 259 3022 regerent
280 2955 372 3000 casus
395 2946 427 2999 et
449 2956 487 3000 eo
509 2935 651 3020 magnitu
676 2935 734 2999 'nis
760 2934 985 3023 procederent,
1012 2933 1068 3000 ubi

68 3044 102 3096 20
133 3043 169 3088 ro
186 3019 370 3086 mortalibus
392 3020 495 3106 gloria
509 3021 629 3088 aeterni
650 3019 771 3087 fierent
801 3021 883 3086 Nam
904 3022 952 3085 uti
967 3035 1096 3105 genunt

111 3045 275 3175 lominum
297 3108 496 3192 conpositum
518 3129 560 3171 ex
583 3128 714 3193 corpore
737 3116 769 3172 et
790 3108 895 3171 anima
926 3114 989 3190 est,
1023 3106 1068 3171 ita

111 3216 163 3260 res
193 3204 325 3258 cunctae
357 3191 524 3279 studiaque
557 3195 663 3257 omnia
688 3202 795 3257 nostra
825 3191 965 3342 corporis
995 3189 1066 3275 alia,

112 3279 175 3344 alia
196 3279 293 3344 animi
314 3288 459 3344 naturam
480 3287 636 3343 secuntur.
669 3279 770 3364 Igitur
784 3299 948 3365 praecare
968 3275 1090 3347 faciest

112 3387 164 3430 ma
209 3387 247 3430 ae
274 3365 418 3448 divitiae,
442 3364 483 3429 ad
504 3363 565 3428 hoc
586 3365 635 3429 vis
652 3366 791 3452 corporis
815 3374 846 3429 et
860 3363 922 3430 alia
936 3363 1066 3429 huiusce

73 3385 325 3520 remediorum
344 3450 435 3518 brevi
457 3447 653 3533 dilabuntu3
677 3462 708 3515 at
727 3450 835 3538 ingeni
850 3452 978 3537 egregia
991 3449 1066 3517 faci·
