2502 3968
1036 282 1101 332 XIII

74 455 270 530 Praeterea
295 454 598 553 pronominis
625 453 873 551 potissumum
909 453 1099 526 demon-

75 574 278 650 strativi
305 595 419 648 usum‘
441 574 638 648 artioribus
657 571 792 646 finibus
812 573 1099 672 circumscripsi:

74 721 164 769 nam
192 719 276 770 cum
304 696 403 794 apud
431 692 644 768 Sallustium
670 692 727 768 lu'e
754 718 952 790 nusquam,
990 695 1101 768 ceteri

75 841 195 910 casus
224 815 288 913 qui
316 815 465 914 quidem
492 813 597 888 facile
622 814 799 888 inmutari
825 839 901 887 non
916 826 1100 911 poterant.

74 961 227 1034 perraro
254 935 437 1032 legantur,
476 935 703 1009 sexcentiens
729 946 853 1008 tamen
880 960 981 1007 nunc
1008 932 1101 1007 Ger·

75 1055 196 1131 lachio
223 1068 374 1131 auctore
395 1081 445 1129 ex
473 1054 684 1154 corruptela
701 1055 813 1128 medii
831 1057 910 1128 aevi
930 1079 1102 1152 expressa

74 1175 245 1248 videmus
262 1174 310 1272 bi,
338 1174 394 1250 bis
410 1202 479 1275 pro
505 1177 530 1272 i,
558 1177 589 1250 is
616 1175 694 1249 sive
721 1177 763 1270 et,
791 1176 850 1268 eis,
879 1176 937 1248 vel
964 1174 1102 1248 ubine

75 1296 223 1372 codices
241 1296 391 1393 quidem
417 1297 456 1370 in
480 1297 664 1371 noviciam
681 1298 836 1371 formam
855 1295 1098 1369 consentiunt.

1 1483 2 1506 ,
75 1414 158 1505 Qua
185 1416 231 1490 de
257 1441 297 1489 re
324 1441 409 1490 eum
435 1417 509 1489 iam
537 1414 734 1491 Oortius
757 1439 867 1512 saepe
893 1425 993 1488 recte
1020 1439 1101 1488 sen·

1 1551 2 1634 j
73 1538 180 1612 tisset
215 1547 251 1610 et
285 1535 548 1635 Sellingius
582 1536 622 1608 in
656 1533 953 1610 emendationibus
984 1531 1102 1610 Sullu-

1 1643 2 1704 Ῑ
74 1658 201 1731 ationis
228 1655 369 1731 Onoldi
402 1683 432 1728 a.
463 1659 561 1729 1835
600 1654 706 1729 editis
733 1682 769 1754 p.
798 1659 821 1728 5
849 1680 929 1753 sqq.
958 1653 1102 1752 singula

75 1802 243 1875 quaeque
270 1777 562 1851 adcuratissume
588 1787 805 1875 persecutus
841 1789 954 1868 esset,
1001 1777 1102 1852 solus

1 1927 2 1930 ¹
72 1898 172 1970 inter
197 1896 420 1970 recentiores
446 1896 602 1970 Faber
637 1897 802 1970 animum
827 1897 903 1971 huc
929 1899 1102 1976 advortit.

74 2017 217 2094 Oontra
253 2017 584 2092 Gerlachius
619 2018 658 2091 in
693 2019 908 2092 novissume
943 2018 1102 2094 editione

72 2165 111 2237 p.
141 2140 216 2210 453
253 2148 289 2211 et
315 2139 458 2237 saepius
485 2137 577 2211 mira
604 2141 726 2214 denuo
753 2139 1019 2238 pronuntiavit.
1051 2183 1102 2196 --

72 2259 160 2334 Non
188 2257 309 2332 nullos
327 2257 442 2348 locos,
470 2260 535 2357 qui
552 2284 664 2357 saepe
684 2260 904 2334 coniecturis
931 2261 1103 2358 temptati

1 2374 2 2397 ¹
73 2391 173 2472 sunt⁷
209 2379 376 2476 integros
402 2379 547 2469 retinui,
585 2390 628 2453 ut
655 2378 732 2455 Oat.
762 2382 823 2474 53,
857 2383 881 2452 5
918 2379 982 2455 ubi
1009 2380 1103 2454 haec

1 2489 2 2502 ¹
72 2500 181 2574 u‘cuti
204 2501 306 2598 effeta
329 2511 521 2598 pareutum
545 2510 645 2574 recte
673 2500 811 2573 habere
845 2499 1029 2594 videntur,
1067 2511 1103 2574 et

74 2649 127 2697 or.
147 2620 266 2694 Macri
287 2624 344 2709 19,
373 2620 438 2693 ubi
456 2647 516 2694 vv.
536 2645 609 2694 ocu
636 2621 788 2718 amplius
809 2633 960 2719 possunt
988 2621 1103 2694 offen-

74 2743 162 2816 dere
187 2766 263 2814 non
292 2737 427 2814 debent
453 2739 598 2815 conlato
624 2740 706 2815 loeo
734 2741 814 2839 Iug.
846 2745 905 2832 69,
935 2743 969 2819 2.

151 2860 1103 2960 Praetereainterpunctionemnonpotmquin

73 2983 194 3082 saepis
221 2982 460 3075 inmutarem,
498 3008 583 3056 cum
608 2981 670 3056 hic
696 2980 772 3056 illic
797 2981 949 3079 vulgata
976 2982 1102 3056 distin-

72 3101 215 3202 guenili
228 3101 371 3175 ratione
385 3103 566 3176 sententia
575 3085 770 3177 obscurata
779 3101 980 3188 videretur,
998 3102 1102 3176 cuius

72 3223 127 3298 rei
153 3221 426 3320 gravissumum
453 3222 664 3322 exemplum
690 3232 746 3296 est
772 3222 853 3321 lug.
880 3225 916 3314 2,
946 3225 988 3316 33
1016 3247 1102 3295 nam

74 3343 137 3417 hic
163 3342 268 3415 locus
295 3354 375 3414 tum
404 3341 554 3416 demum
577 3344 772 3439 constabit,
801 3342 832 3416 si
850 3343 965 3418 verba
984 3341 1102 3417 incor-

72 3476 198 3563 ruptus
225 3475 384 3537 aeternus
417 3488 486 3561 per
519 3463 719 3537 chiasmum
748 3462 918 3562 opposita
945 3487 1022 3536 esse
1049 3462 1104 3536 in-
