2520 3966
241 257 284 323 tt!
520 253 749 322 lVGVRTHA
769 254 896 321 «tt-49

241 428 368 516 pensius
390 429 484 494 modo
499 427 619 514 legatos
635 427 793 515 supplicis
807 429 940 530 mittere,
955 450 1069 515 paoem
1082 449 1187 517 orne,

217 523 476 680 attat?
486 514 962 688 difficillimi&
979 513 1187 668 libid&
1246 615 1247 690 ,

239 686 451 773 proditionem
479 685 607 752 domum
635 685 830 769 dimittebat,
859 688 926 751 re'
956 709 1068 772 parem
1089 709 1185 790 quam
1246 691 1247 750 l

239 771 419 860 postulabat
440 793 545 862 neque
572 772 710 837 abnuere
738 793 842 859 neque
863 795 904 860 po
919 772 1023 855 liceri,
1045 780 1078 836 et
1099 781 1206 842 intere
1246 763 1247 836 ἶ

240 879 294 922 aas
315 879 420 922 moras
439 859 597 944 promissa
617 857 792 945 legatorum
818 867 996 944 expectare.
1246 857 1247 862 ’

199 959 238 1014 48
302 943 454 1030 Iugurtha
474 944 531 1010 ubi
551 943 672 1009 Metelli
694 945 779 1008 diota
801 965 873 1009 cum
894 943 985 1008 factis
1007 946 1184 1030 conposuit,

239 1051 278 1094 ac
299 1051 333 1094 se
356 1030 419 1094 suis
442 1031 562 1097 artibus
577 1039 641 1095 tem
662 1033 723 1094 tari
743 1030 882 1094 animum
896 1029 1042 1112 advortit,
1066 1031 1185 1118 quippo
1246 1025 1247 1100 l

238 1117 290 1181 oui
311 1115 417 1181 verbis
439 1139 503 1204 pax
524 1053 745 1200 nuntiabatur,
774 1125 914 1182 ceterum
935 1137 971 1180 re
991 1114 1113 1180 bellum
1135 1139 1184 1180 as·
1246 1101 1247 1172 l

238 1223 420 1290 perrumum
434 1212 510 1286 erat,
532 1203 609 1267 urbs
623 1224 773 1268 maxuma
787 1201 932 1284 alienata,
948 1223 1025 1288 ager
1037 1199 1185 1268 hostibus
1197 1219 1221 1269 to

239 1289 392 1374 cognitus,
415 1289 511 1354 animi
531 1287 731 1375 popularium
750 1290 903 1376 temptati,
926 1295 1053 1354 coactus
1074 1309 1185 1353 rerum

218 1373 471 1449 necessitudine
487 1377 595 1439 statuit
615 1377 710 1440 annis
729 1383 861 1440 certare.
899 1373 916 1438 I
938 1375 1001 1437 'tur
1016 1373 1183 1458 explorato

237 1459 375 1524 hostium
395 1461 517 1543 itinere,
540 1461 575 1525 in
597 1483 685 1548 spem
699 1461 850 1526 victoriae
865 1459 906 1525 ad
928 1468 1019 1524 uetus
1035 1481 1077 1524 ex
1091 1481 1183 1562 opor·

238 1547 371 1610 tunitate
391 1545 463 1628 loci,
486 1567 580 1632 quam
601 1569 765 1611 maxumas
787 1555 891 1634 potest
913 1547 1019 1632 copias
1041 1567 1183 1612 omnium

237 1653 390 1718 generum
417 1641 509 1718 parat
535 1653 573 1697 ec
617 1655 652 1698 er
677 1635 817 1698 tramites
840 1631 980 1698 occultos
1007 1633 1219 1697 exercitans
1246 1663 1247 1700 t

213 1717 359 1784 ³Metelli
374 1727 447 1783 ante
460 1719 558 1783 venit.
638 1719 717 1784 stin
731 1741 770 1785 ea
790 1727 879 1805 parte
893 1716 1070 1802 Numidiae,
1087 1740 1184 1805 quam

237 1803 401 1870 Adherbal
429 1803 464 1868 in
486 1803 639 1872 divisione
683 1805 859 1888 ossoderat,
890 1802 1008 1868 flumen
1034 1804 1184 1869 orienes
1246 1859 1247 1888 ,

237 1890 377 1974 meridie,
399 1892 527 1956 nomine
548 1890 639 1955 Muth
678 1941 686 1974 ,
710 1914 730 1955 a
751 1913 812 1980 qno
835 1889 949 1955 aberat
969 1911 1060 1956 mons
1082 1889 1184 1954 ferme

236 1976 325 2042 milia
346 1981 517 2064 [passuum]
540 1978 654 2062 viginti
668 1985 770 2042 tractu
783 1979 862 2064 pari,
884 1983 992 2042 vastus
1014 1973 1055 2040 ab
1069 1985 1184 2041 natura
1246 1991 1247 2036 l

236 2071 269 2129 et
282 2061 419 2128 humano
434 2063 538 2145 cultu;
561 2062 673 2128 sodex
696 2085 733 2128 eo
754 2062 859 2130 medio
881 2063 971 2149 quasi
993 2059 1082 2128 collis
1100 2063 1220 2128 orie-²⁰

236 2147 345 2233 bstou,
375 2149 410 2213 in
434 2149 614 2213 inmensum
646 2151 845 2236 pertingens,
878 2149 1010 2214 vestitus
1045 2147 1183 2215 oleastro

238 2255 275 2297 ao
297 2235 440 2300 murtetis
463 2233 596 2321 aliisque
618 2236 786 2321 generibus
809 2235 965 2317 arborum,
990 2256 1071 2321 quae
1092 2233 1183 2299 humi
1246 2255 1247 2344 p

214 2319 325 2385 larido
348 2329 441 2408 atque
464 2341 596 2386 arenoso
618 2322 796 2407 gignuntur.
833 2321 939 2386 Media
953 2330 1059 2385 autom
1080 2318 1182 2422 plani·

235 2405 295 2470 ties
310 2405 434 2470 deserta
440 2408 593 2492 paenuria
607 2428 717 2492 aquae,
733 2416 859 2494 praeter
870 2406 992 2470 flumini
1003 2427 1184 2494 propmqua

236 2490 321 2574 loca3
348 2513 387 2556 oa
416 2491 536 2554 consita
558 2492 709 2574 arbustis,
737 2513 853 2578 pecore
882 2502 974 2578 atque
1003 2490 1182 2562 cultoribus
1192 2496 1217 2544 ²⁵

194 2575 522 2664 liliaquentabantur.
573 2577 675 2664 Igitur
702 2580 803 2642 ineo
832 2577 930 2659 colle,
961 2599 1055 2664 quom
1077 2585 1182 2646 trans-

234 2684 328 2728 vorso
339 2663 451 2728 itinere
459 2672 641 2748 porrectum
654 2663 826 2747 docuimus,
842 2662 993 2750 Iugmtha
1008 2672 1183 2732 extenuata

235 2771 363 2816 suorum
384 2749 452 2814 acie
475 2749 626 2833 consedit,
650 2749 826 2836 elephantis
854 2760 885 2814 et
911 2751 994 2836 panti
1016 2751 1181 2838 copiarum

233 2835 429 2922 pedestrium
438 2833 651 2902 Bomilcarem
660 2835 814 2923 praefecit
825 2857 959 2922 eumque
974 2835 1085 2902 edocet
1095 2859 1181 2924 qnae

234 2931 357 3008 ageret,
379 2923 448 3008 ipse
469 2923 599 3008 propior
620 2930 759 2987 montem
782 2923 963 2988 cumomni
984 2923 1127 3008 equitatu
1150 2934 1218 2989 eto

210 3007 391 3094 tpeditibus
413 3006 544 3072 delectis
567 3029 640 3072 suos
662 3006 816 3075 conlocat.
850 3007 935 3074 Dein
951 3009 999 3074 sin
1057 3031 1092 3072 as
1116 3018 1181 3075 tur-

233 3115 301 3158 mas
317 3102 348 3158 et
361 3092 538 3179 manipulos
553 3094 741 3159 circumiens
755 3103 864 3160 monet
878 3104 972 3183 atque
994 3117 1012 3160 o
1035 3103 1179 3181 testatur,

233 3180 279 3244 uti
300 3201 454 3244 memores
476 3179 628 3266 pristinae
649 3181 774 3246 virtutis
797 3190 829 3246 et
849 3182 1001 3247 victoriae
1021 3203 1092 3246 sese
1106 3205 1179 3268 reg-

232 3285 371 3351 numque
403 3287 495 3330 suum
523 3264 564 3330 ab
593 3265 807 3333 Romanorum
829 3268 961 3333 avaritia
989 3267 1178 3333 defendant:

233 3373 305 3416 oum
327 3350 373 3413 eis
396 3360 555 3416 certamen
576 3351 651 3436 fore,
675 3373 754 3438 quos
769 3361 865 3421 antea
876 3356 977 3422 victos
990 3353 1049 3420 sub
1067 3354 1180 3440 iugum
1189 3361 1216 3409 3⁵

232 3434 390 3519 miserint3
417 3434 530 3502 ducem
564 3435 626 3502 illis
647 3459 712 3505 non
735 3442 874 3506 animum
896 3449 1065 3525 mutatum,
1081 3461 1179 3527 *quae

219 3519 277 3584 -oo
294 3522 485 3608 imperatore
507 3521 678 3608 decuerint,
702 3526 808 3590 omnia
828 3527 896 3591 suis
909 3527 1048 3613 provisa,
1070 3524 1178 3592 locum
