2502 3968
415 339 621 408 camma
690 375 725 390 -
741 339 785 405 30
977 307 1079 409 “si

118 520 171 578 ter
191 511 225 578 in
248 519 359 578 senatu
380 512 501 579 litteras
520 513 673 595 recitavit,
685 503 775 601 ¹quas
792 510 938 576 Faesulis
953 509 1074 578 adletas

120 599 183 663 sibi
205 597 347 681 dicebat,
369 599 403 663 in
426 599 540 686 quibus
563 601 713 686 scriptum
736 606 818 681 erat,
850 595 965 663 Gaium
984 594 1075 662 Man·

119 683 197 748 lium
220 704 308 747 arma
330 685 452 772 cepisse
467 707 539 750 cum
552 706 669 771 magna
681 683 882 748 multitudine
903 691 975 747 ante
990 680 1075 748 diem

119 769 167 834 VI
192 769 355 834 Kalendas
384 771 583 836 Novembris.
632 768 750 853 Simul,
780 770 815 834 id
843 767 929 855 quod
956 770 990 833 in
1018 767 1099 837 talis

94 876 155 923 are
171 855 259 938 solet,
283 855 338 920 alii
359 865 504 943 portenta
525 855 785 943 atque-prodigia
802 854 998 938 nuntiabant,
1021 853 1076 918 alii

119 950 294 1006 conventus
315 941 385 1006 fieri
407 963 495 1008 arma
515 943 650 1029 portari,
674 939 802 1027 Capuae
825 949 919 1026 atque
940 941 974 1004 in
988 940 1075 1027 Apu·

119 1025 164 1090 lia
197 1025 311 1091 servile
347 1027 467 1093 bellum
498 1028 629 1092 moveri.
676 1025 778 1113 Igitur
815 1027 917 1091 senati
949 1025 1099 1093 decretos

119 1111 256 1190 Quintus
284 1112 422 1178 Marcius
458 1114 529 1180 Rex
555 1109 724 1197 Faesulas,
759 1110 895 1193 Quintus
927 1111 1074 1176 Metellus

120 1195 264 1261 Creticus
285 1198 320 1261 in
340 1197 371 1262 A
393 1198 491 1263 uliam
513 1201 693 1285 circumque
716 1220 754 1264 aa
775 1197 846 1264 loca
871 1199 1024 1262 missi-
1045 1199 1100 1268 eit

78 1284 244 1368 soutrique
274 1283 316 1348 ad
343 1222 455 1350 urbem
489 1287 694 1372 imperatores
724 1293 830 1368 erant,
868 1285 1002 1372 inpediti
1033 1305 1074 1349 ne

117 1367 347 1455 triumpharent
368 1370 526 1435 calumnia
546 1393 719 1458 pancorum
747 1370 872 1458 [quibus
894 1372 999 1436 omnia
1020 1370 1073 1435 ho·

116 1463 208 1519 nesta
222 1463 316 1540 atque
326 1456 493 1524 inhonesta
505 1457 644 1524 vendere
659 1478 727 1522 mos
743 1464 820 1540 crat]
832 1481 891 1543 -ς
914 1457 972 1522 sed
984 1476 1098 1543 prae-⁵

116 1549 202 1604 tores
236 1539 371 1620 Quintus
407 1543 577 1632 Pompeius
609 1543 709 1607 Rufirs
743 1541 902 1631 Oapuam,
938 1541 1074 1628 Quintus

3 1691 4 1694 ,
115 1625 264 1692 Metellus
280 1625 374 1694 Celer
395 1629 428 1692 in
443 1649 554 1714 agrum
567 1629 729 1714 Picenum,
752 1630 860 1716 eisque
875 1630 1073 1716 permissum,

75 1713 165 1781 rtuti
185 1735 243 1798 pre
266 1722 407 1800 tempore
429 1725 524 1802 atque
550 1713 692 1802 periculo
719 1717 895 1780 exercitum
924 1737 1073 1800 conpara

3 1825 4 1840 ¹
115 1807 197 1861 rent.
240 1797 294 1862 Ad
321 1799 397 1882 hoc,
429 1823 455 1865 sr
477 1823 526 1865 urs
555 1801 760 1867 mdicavisset
787 1802 826 1866 de
849 1801 1098 1883 coniurationes

116 1905 199 1986 quae
215 1893 323 1948 contra
333 1907 401 1950 rem
415 1823 575 1974 publicam
590 1887 673 1952 facta
693 1895 769 1969 erat,
787 1887 967 1990 praemium
982 1908 1073 1951 servo

115 1967 294 2034 hbertatem
311 1979 342 2035 et
357 1973 500 2037 sestertia
519 1982 653 2057 aenaim,
669 1971 770 2037 libero
784 1973 992 2058 mpunitatem
1007 1973 1074 2036 sins

114 2055 162 2118 rei
185 2063 217 2118 et
238 2058 382 2121 sestertia
401 2057 553 2142 ducenta,
575 2061 712 2146 itemque
734 2057 920 2143 decrevere,
942 2059 988 2122 uti
1008 2057 1096 2143 gia-t

72 2140 268 2213 zodiatoriae
300 2141 438 2208 familiae
466 2143 608 2230 Capuam
638 2156 670 2208 et
697 2145 731 2210 in
764 2154 869 2208 cetera
901 2144 1073 2230 municipia
1155 2145 1156 2150 ’

116 2225 379 2292 distribuerentur
415 2252 450 2294 ro
466 2231 617 2316 cuiusque
629 2229 752 2317 opibus,
775 2229 894 2296 Romae
905 2238 1071 2318 paratam

113 2309 227 2374 urbem
239 2311 368 2398 vigiliae
388 2253 594 2398 laberentur,
618 2317 726 2402 eisque
748 2317 886 2382 minores
907 2319 1071 2403 magistra·

113 2407 164 2460 tus
186 2409 379 2482 praeessent.
415 2398 538 2480 Quibus
560 2400 656 2466 rebus
677 2411 822 2490 permota
844 2403 954 2468 civitas
977 2413 1196 2489 etquenam]

114 2483 268 2546 inmutata
288 2485 376 2548 urbis
398 2485 495 2551 iacies
518 2496 599 2570 erat,
629 2509 671 2552 ex
693 2510 816 2552 summa
837 2487 956 2552 laetitia
978 2497 1070 2574 atque

71 2566 258 2650 aalascivia,
282 2592 362 2655 quae
385 2571 531 2637 diuturna
553 2575 642 2674 quies
656 2582 839 2664 pepererat,
862 2582 991 2660 repente
1007 2597 1070 2638 om-

112 2653 163 2716 nis
185 2655 313 2718 tristitia
335 2657 467 2724 invasit:
496 2659 646 2725 festmare
668 2668 716 2726 tre
739 2659 844 2743 idme,
874 2679 977 2747 neque
1000 2659 1154 2749 locosp)

113 2737 359 2826 sequebamini
383 2745 530 2832 cuiquam
552 2748 627 2810 satis
651 2769 704 2812 cre
727 2769 794 2831 ere3
821 2768 924 2834 neque
950 2745 1070 2811 bellum

113 2845 224 2908 gerere
246 2847 349 2912 neque
363 2851 477 2914 pacem
491 2829 626 2916 habere,
650 2855 706 2899 suo
729 2833 862 2919 quisque
880 2841 966 2900 metu
1010 2833 1068 2896 eri-

113 2908 186 2972 cula
206 2912 319 3010 metiri.
363 2913 416 2979 Ad
436 2913 498 2980 hoc
518 2915 683 3002 mulieres,
714 2919 828 3006 quibus
854 2920 901 2983 rei
921 2855 1067 3004 publicae
1082 2939 1169 3008 ¹⁰(3)

69 3017 103 3066 so
112 2997 328 3080 magmtudine
343 2997 420 3063 belli
434 3002 528 3068 timor
541 3002 686 3068 insolitus
699 3005 881 3086 incesserat,
905 3003 1067 3068 adflictare

112 3101 200 3164 sese,
228 3105 340 3149 manus
363 3085 521 3173 supplices
543 3087 585 3152 ad
607 3088 730 3154 caelum
751 3090 895 3174 tendere,
924 3089 1068 3153 miserari

110 3189 228 3254 parvos
256 3168 391 3256 liber0s3
426 3173 580 3258 rogitare,
618 3177 723 3242 omnia
750 3198 886 3264 pavere,
919 3173 1068 3262 snperbia

111 3262 206 3339 atque
229 3254 349 3320 deliciis
373 3258 496 3324 omissis
519 3259 580 3325 sibi
601 3263 784 3350 patriaeque
806 3259 959 3326 diffidere.

174 3338 219 3404 At
241 3339 396 3408 Catilinae
419 3343 555 3410 crudelis
570 3348 692 3412 animus
713 3347 824 3413 eadem
837 3347 894 3413 illa
907 3345 1064 3433 movebat,
1075 3372 1200 3440 ΜΗ

67 3443 100 3494 ³5
111 3427 237 3529 tametsi
263 3429 424 3513 praesidia
452 3431 660 3582 parabantur,
691 3442 722 3499 et
749 3435 818 3521 ipse
847 3433 919 3522 lege
939 3434 1065 3501 Plautia

109 3520 321 3598 interrogatus
344 3525 411 3582 erat
439 3538 458 3580 a
508 3517 607 3584 Lucio
636 3519 757 3586 Paullo.
800 3521 981 3606 Postremo,
1008 3522 1192 3614 ubinam

109 3597 209 3662 multa
231 3600 362 3686 agitanti
376 3601 455 3668 nihil
469 3603 621 3691 procedit,
643 3627 752 3672 nusus
767 3601 957 3696 intempesta
970 3617 1063 3676 nocte

849 3698 896 3762 2*
