2502 3968
203 265 246 331 tr
494 266 720 332 IVGVRTHA
742 267 856 334 8-10

203 435 372 503 multermn
393 446 492 522 esset3
515 440 542 502 si
561 461 747 526 permanere
767 437 866 505 vellet
886 442 920 505 in
941 443 1006 508 suis
1021 442 1153 526 artibus,

203 520 285 588 ultro
306 523 354 589 illi
376 534 407 590 et
427 523 561 610 gloriam
583 535 615 589 et
634 547 768 610 regnum
788 535 972 592 venturum:
1002 528 1062 592 sin·
1080 551 1154 616 pro-

203 609 363 695 peruntius
384 619 544 696 pergeret,
575 619 696 675 suamet
717 611 820 698 ipsum
840 613 977 698 pecunia
995 615 1154 700 praeeipi-

174 703 267 768 9tem
288 717 443 760 casurum.
487 694 542 760 Sic
563 696 684 761 loeutus
714 718 785 760 eum
814 696 925 761 litteris
955 721 1043 781 eum,
1073 720 1155 785 quas

179 779 355 866 2Mieipsee
376 779 538 862 redderet,
569 782 695 846 dimisit.
740 781 860 845 Eanum
889 785 1045 848 sententia
1072 784 1178 854 hueet

203 875 284 930 erut:
311 861 492 951 ‘Iugurthae
514 867 559 930 tui
580 865 665 932 belle
679 866 872 933 Numantino
893 868 988 955 lenge
1002 891 1156 934 maxinme

202 951 300 1014 virtus
319 951 391 1033 fuit,
421 974 514 1038 quam
541 975 610 1018 rem
635 953 694 1018 tibi
722 963 808 1018 nerto
835 954 901 1019 seio
929 954 1043 1038 gaudio
1070 977 1154 1020 esse.

200 1035 299 1100 Nobis
322 1036 362 1102 ob
383 1039 495 1102 merite
516 1061 574 1104 sua
594 1061 685 1104 eurus
708 1048 773 1122 est3
803 1050 838 1105 ut
865 1039 951 1103 idem
977 1041 1101 1104 senatui
1124 1051 1157 1105 et

201 1121 317 1207 popule
338 1123 479 1188 Romano
502 1125 557 1208 sit,
581 1145 703 1188 summa
725 1145 784 1209 ope
804 1127 952 1190 nitemur.
988 1125 1064 1189 Tibi
1085 1126 1155 1212 qui·
1238 1173 1239 1208 1

202 1206 274 1271 dem
295 1231 352 1294 pro
374 1219 481 1274 nostre
502 1211 640 1275 amicitis
667 1210 827 1295 gratulor:
855 1231 896 1274 en
920 1208 1020 1275 habes
1048 1211 1195 1286 virumn

177 1292 331 1377 3dignum
359 1302 390 1358 te
419 1304 512 1443 atgue
541 1318 601 1361 avo
631 1317 687 1360 suo
715 1294 903 1361 Masinissa?
950 1295 1051 1382 Igitur
1065 1351 1068 1356 .
1082 1319 1154 1379 rex,

201 1377 257 1442 ubi
278 1402 332 1462 eu,
354 1401 435 1465 quae
469 1403 541 1444 ama
562 1391 742 1467 acceperut,
757 1403 807 1450 ,ex
820 1379 934 1445 litteris
952 1382 1154 1467 imperatoris

203 1465 247 1528 ita
268 1486 338 1528 esse
359 1467 522 1549 cognovit,
546 1485 617 1531 eum
638 1468 770 1551 virtute,
792 1475 859 1532 tum
881 1468 983 1550 gratia
996 1467 1058 1529 viri
1103 1489 1152 1530 er·

202 1557 305 1612 motus
326 1547 417 1614 flexit
442 1551 581 1615 animum
608 1575 699 1616 suum
727 1562 758 1618 et
783 1551 966 1638 Iugurtham
994 1489 1154 1616 benideiis

202 1634 330 1698 vincere
352 1634 519 1720 adgressus
541 1644 603 1720 est,
630 1637 820 1724 tandemque
842 1658 914 1701 eum
936 1637 1099 1723 adoptavit
1120 1645 1154 1702 et
1165 1657 1194 1708 ιε

201 1725 387 1788 memento
408 1722 527 1807 puriter
548 1743 620 1786 eum
640 1723 714 1787 filiis
735 1722 885 1788 heredem
907 1722 1049 1786 instituit

179 1814 194 1866 t
265 1803 330 1870 Sed
350 1806 419 1894 ipse
440 1829 557 1893 peuces
601 1816 650 1872 ost
671 1831 770 1874 annes
790 1806 900 1873 morbo
928 1815 1021 1892 atque
1048 1815 1153 1872 aetate

202 1890 361 1956 confectus
391 1913 462 1956 eum
491 1893 552 1964 sibi
618 1915 668 1958 em
696 1895 780 1959 vitae
809 1893 920 1957 adesse
941 1891 1151 1976 intellegeret,

202 1998 307 2042 eorem
322 1979 431 2043 arnieis
443 1986 475 2043 et
485 1979 626 2066 eegnetis
637 1979 775 2080 itemque
785 1977 966 2043 Adherbale
978 1988 1009 2042 et
1019 1978 1151 2148 ffl-

202 2062 268 2213 leel?
289 2063 362 2128 filiis
385 2063 498 2128 dieitur
519 2063 649 2130 huiusce
671 2065 757 2130 modi
778 2063 878 2129 verbs
899 2085 971 2128 cum
998 2063 1035 2127 Iu
1132 2085 1194 2138 διο

225 2171 245 2212 n
265 2169 369 2214 russe:

162 2246 194 2298 te
264 2229 413 2299 ‘Parvum
435 2257 493 2320 ego
515 2243 563 2317 te,
585 2235 745 2321 Iugurtha,
768 2235 884 2301 emisse
905 2243 994 2321 petre
1011 2235 1077 2298 sine
1093 2257 1152 2320 spe

204 2317 272 2384 sine
287 2318 408 2404 opibus,
430 2321 464 2384 in
477 2342 609 2405 regnum
623 2344 728 2386 meum
743 2320 862 2408 seeepi,
878 2321 1071 2385 existumans
1085 2341 1152 2384 nen
1239 2369 1240 2404 ἦ

201 2403 304 2468 minus
325 2426 376 2468 me
398 2404 465 2486 tibi,
487 2427 582 2490 quem
606 2405 734 2488 [liberis]
752 2408 779 2472 si
794 2407 983 2494 gmuissem
1006 2405 1046 2470 ob
1061 2405 1152 2470 beni-
1239 2423 1240 2426 ’

200 2488 273 2552 ficia
302 2511 408 2553 eurum
435 2490 519 2572 fore3
551 2513 655 2578 neque
683 2514 722 2557 eu
749 2515 801 2557 res
821 2491 936 2556 fulsum
957 2513 1008 2554 me
1029 2490 1193 2562 habuitn

178 2574 297 2657 tilam,
319 2582 355 2640 ut
375 2575 438 2638 elis
458 2596 574 2660 magna
596 2586 628 2641 et
649 2579 776 2664 egregia
797 2587 851 2642 tus
866 2578 1022 2658 omittam,
1037 2577 1151 2645 novis-

201 2681 289 2724 sume
315 2659 442 2724 rediens
474 2659 644 2726 Numantia
672 2685 785 2748 meque
816 2685 1011 2748 regnumque
1044 2683 1152 2726 meum

201 2743 302 2831 gloria
323 2745 532 2830 honoravisti,
555 2755 669 2833 tuaque
691 2749 806 2812 virtute
827 2747 918 2812 nobis
934 2747 1092 2811 Romanos
1108 2769 1152 2811 ex

201 2830 310 2896 amieis
333 2832 548 2897 amicissumos
569 2833 689 2916 fecisti3
711 2833 745 2896 in
759 2833 915 2919 Hispania
928 2855 1043 2896 nomen
1058 2831 1149 2896 femi·

201 2915 263 2981 lise
284 2925 469 2981 renovatum
501 2927 563 3001 est3
597 2927 772 3067 fesuemo,
807 2918 891 3005 quod
920 2917 1148 2982 difficillumum
1161 2943 1192 2994 ³0

177 3003 282 3086 ginter
311 3001 452 3067 mortalis
485 3012 547 3085 est,
577 3005 678 3088 geria
705 3003 857 3067 invidiam
884 3003 997 3068 vicisti.
1046 3002 1149 3085 Nune,

221 3088 347 3153 ueniam
379 3087 456 3152 mihi
486 3097 598 3153 nutura
625 3091 710 3153 vitae
738 3088 833 3152 finem
862 3088 952 3170 feeit,
985 3108 1041 3173 per
1067 3087 1151 3152 hane

201 3109 377 3257 dexterum,
407 3196 465 3260 per
484 3174 576 3258 regni
596 3174 691 3238 fidem
721 3196 833 3239 moneo
857 3173 1074 3259 obtesterque,
1104 3174 1149 3236 uti

201 3259 272 3342 hos,
295 3260 349 3346 qui
370 3259 428 3323 tibi
447 3281 563 3346 genere
583 3260 761 3345 propinqui,
783 3258 930 3323 benifieie
950 3280 1021 3323 meo
1036 3257 1150 3323 fratres

201 3352 287 3428 sunt,
319 3365 409 3408 euros
441 3345 575 3427 habeas,
608 3367 672 3409 neu
699 3345 791 3408 malis
820 3343 940 3408 alienes
967 3343 1191 3428 adiungerent

177 3451 295 3516 4quem
317 3429 470 3514 sanguine
492 3432 674 3495 coniunctos
700 3431 848 3495 retinere.
890 3428 962 3494 Non
992 3429 1150 3494 exereitus

200 3535 304 3600 neque
325 3514 486 3580 thensauri
506 3515 666 3601 praesidia
685 3516 777 3600 regni
799 3523 885 3599 sunt,
913 3535 1024 3582 verum
1046 3514 1150 3600 amini,
