2502 3968
197 163 242 230 40
498 160 705 228 CATILINA
725 161 861 224 54-56

200 334 285 422 quod
307 334 389 399 dono
420 335 453 400 di
497 357 551 400 um
580 345 679 418 csset;
711 333 772 398 sibi
800 353 951 417 magnum
981 335 1161 420 imperium,

200 421 392 504 exercitum,
415 421 456 486 be
481 443 535 485 um
557 443 675 486 novum
698 440 758 485 exo
781 417 869 484 tabat
876 466 885 499 ,
907 417 963 482 ubi
977 421 1082 485 virtus
1099 422 1162 486 eni·

174 519 322 574 otescere
343 516 461 594 posset.
498 506 542 574 At
565 505 679 573 Catoni
706 516 756 570 stu
780 506 843 568 'um
869 504 1045 570 modestiae
1068 506 1162 572 deco·

200 596 262 676 ris,
286 593 344 658 sed
364 614 514 658 maxume
538 593 715 659 severitatis
738 600 823 656 erat:
851 613 917 656 non
947 591 1066 657 divitiis
1091 616 1163 658 cum

201 681 299 746 divite
321 700 426 767 neque
448 679 586 744 factione
607 701 680 744 cum
699 677 840 761 huctioso,
865 677 923 742 sed
943 700 1015 743 cum
1031 687 1189 748 suenrus

200 769 332 846 virtute,
364 787 437 830 cum
469 765 613 830 modesto
650 763 772 852 pudore
809 787 881 828 cum
909 765 1080 830 innocente
1109 766 1163 830 ab·

201 852 350 918 stinentia
372 851 530 936 certabat3
554 873 625 916 esse
647 873 742 937 quam
762 850 866 915 videri
887 849 989 915 bonus
1004 850 1163 916 malebat:

200 939 261 1020 ita,
298 959 359 1086 quo
388 939 493 1003 minus
525 937 655 1024 petebat
683 936 833 1023 gloriam,
868 958 906 1001 eo
935 935 1026 1002 illum
1057 939 1165 1024 magis

202 1045 299 1088 seue
323 1031 401 1087 atur.

150 1124 191 1180 55
238 1045 259 1109 q
286 1109 475 1195 Postquam,
498 1117 534 1174 ut
556 1109 640 1194 dixi,
670 1116 797 1174 senatus
825 1109 860 1173 in
883 1106 1013 1174 Catonis
1036 1119 1211 1183 senten-ro

201 1196 278 1261 tiam
301 1194 461 1280 discessit,
485 1195 613 1279 consul,
636 1205 798 1282 optumum
819 1193 905 1258 factu
926 1203 1012 1260 ratus
1033 1205 1167 1262 noctem

203 1304 284 1369 quae
305 1280 445 1347 instabat
459 1291 532 1346 ante
549 1303 586 1346 ca
609 1305 662 1346 ere
676 1280 795 1366 nequid
810 1301 848 1344 eo
864 1283 965 1366 spatio
979 1291 1167 1366 novaretur,

202 1369 385 1434 triumviros
429 1390 490 1432 uae
506 1305 698 1453 supplicium
719 1365 900 1452 postulabat
921 1389 1033 1453 parare
1055 1368 1165 1452 iubet3

176 1455 213 1519 ri
238 1475 273 1518 se
294 1391 462 1540 praesidis
486 1453 647 1540 dispositis
668 1451 839 1518 Lentulum
861 1453 895 1518 in
917 1475 1079 1518 carcerem
1110 1454 1167 1519 de·

177 1553 192 1604 ³
224 1539 306 1624 ucit3
327 1538 413 1604 idem
434 1539 471 1603 fit
492 1541 605 1604 ceteris
626 1562 685 1626 per
721 1548 870 1604 raetores.
897 1538 961 1603 Est
977 1541 1012 1604 in
1033 1558 1211 1608 carcerem

202 1624 306 1708 locus,
337 1624 423 1711 quod
458 1624 641 1691 Tullianum
673 1563 866 1711 adpellatur,
899 1624 956 1689 ubi
985 1625 1169 1710 paullulum

204 1709 385 1776 escenderis
408 1710 449 1775 ad
463 1709 604 1795 laevam,
628 1713 753 1776 circiter
768 1710 935 1798 duodecim
953 1711 1052 1796 pedes
1075 1712 1169 1778 humi
1239 1759 1240 1796 ,

178 1797 383 1885 tdepressus.
434 1797 518 1862 Eum
548 1799 693 1862 muniunt
724 1798 864 1884 undique
896 1799 1035 1884 parietes
1069 1807 1170 1886 atque
1239 1797 1240 1810 *

203 1905 334 1969 msuper
362 1905 489 1948 camera
516 1882 651 1969 lapideis
679 1883 851 1948 fornicibus
880 1885 1001 1966 iuncta,
1031 1885 1089 1948 sed
1117 1887 1168 1950 in·
1239 1925 1240 1942 r

205 1968 293 2035 cultu
314 1969 454 2034 tenebris
477 1968 574 2035 odore
593 1968 688 2035 foeda
706 1979 801 2056 atquc
815 1969 967 2035 terribilis
982 1971 1049 2034 eius
1064 1969 1168 2036 facies
1178 1993 1208 2044 zo
1239 1977 1240 2048 J

178 2064 262 2122 sest
295 2055 335 2120 In
356 2079 429 2122 eum
443 2055 550 2122 locum
570 2066 738 2143 postquam
760 2056 915 2120 demissus
937 2065 985 2120 est
997 2055 1167 2140 Lentulus,
1239 2061 1240 2074 ¹

100 2179 102 2184 .
205 2142 348 2209 vindices
370 2164 477 2208 rerum
499 2142 698 2228 capitalium,
723 2141 835 2230 quibus
858 2151 1064 2227 praeceptum
1086 2152 1168 2226 erat,

178 2227 318 2314 tlaqueo
347 2228 455 2313 gulam
483 2228 531 2292 fre
555 2251 617 2293 ere.
661 2228 711 2294 Ita
739 2226 793 2291 ille
819 2229 970 2314 patricius
1001 2250 1042 2292 ex
1069 2238 1169 2313 gente

204 2312 390 2379 clarissuma
431 2251 666 2396 Corneliorum,
708 2315 763 2399 qui
798 2313 962 2398 consulare
996 2315 1170 2399 imperium

203 2399 324 2464 Romae
345 2397 516 2482 habuerat,
540 2399 671 2484 dignum
684 2400 825 2465 moribus
847 2400 1001 2485 factisque
1017 2401 1082 2463 suis
1098 2402 1208 2468 exi-2⁵

204 2485 284 2550 tium
309 2483 395 2550 vitae
424 2485 557 2548 invenit.
599 2485 652 2549 De
682 2483 824 2571 Cethego
855 2484 995 2568 Statilio,
1027 2485 1169 2551 Gabinio

206 2567 272 2636 Cae
295 2571 362 2636 ario
386 2569 498 2636 eodem
519 2569 613 2636 modo
637 2572 828 2657 supplicium
850 2579 1009 2657 sumptum
1031 2581 1089 2636 est.

154 2669 196 2728 ιο
303 2679 357 2721 um
373 2679 411 2720 ea
424 2657 545 2722 Romae
560 2667 727 2742 gerrmtur‚
752 2655 890 2722 Catilina
905 2679 946 2721 ex
961 2659 1047 2722 omni
1063 2680 1100 2722 co
1124 2659 1168 2740 ia,

207 2763 302 2829 quam
324 2743 446 2829 etipse
468 2742 646 2808 adduxerat
668 2753 699 2808 et
719 2742 857 2807 Manlius
885 2742 1052 2826 habuerat,
1107 2765 1169 2807 uas
1239 2803 1240 2828 ,

206 2826 349 2914 legiones
371 2829 520 2913 instituit,
545 2828 682 2894 cohortis
703 2851 762 2915 pro
784 2851 915 2894 numero
935 2830 1071 2893 militum
1092 2851 1207 2902 con-so

181 2913 519 3066 titillat
547 2913 985 3066 qtttttltttttt‘
1007 2937 1049 3064 ἓξ
1071 2916 1168 3066 tit
1239 2955 1240 2960 '

207 3088 309 3172 spatio
338 3085 481 3173 legiones
507 3025 639 3152 darneio
670 3086 833 3152 hominum
863 3050 1063 3174 explerierat,
1094 3108 1168 3150 cum

182 3173 296 3243 sinito
318 3195 384 3238 non
410 3171 545 3259 amplius
575 3171 698 3238 duobus
726 3172 855 3238 milibus
883 3172 1055 3238 habuisset.
1100 3171 1167 3236 Sed

208 3279 250 3323 ex
272 3259 358 3324 omni
380 3259 473 3346 copia
495 3258 621 3322 circiter
648 3281 723 3344 pars
747 3267 858 3347 quarta
887 3266 955 3322 erat
975 3256 1165 3322 militaribus
1176 3275 1204 3327 tt

208 3344 304 3409 armis
339 3345 507 3428 instructa;
539 3343 652 3425 ceteri,
687 3353 722 3408 ut
757 3366 913 3432 quemque
943 3366 1035 3410 casus
1065 3365 1164 3408 arma·

209 3438 316 3514 verat,
340 3449 450 3516 sparos
474 3438 529 3494 aut
551 3428 695 3512 lanceas,
718 3429 773 3496 alii
787 3439 973 3516 praeacutas
989 3429 1075 3494 sudis
1095 3451 1166 3514 por·
