2502 3968
217 244 258 307 34
555 241 759 306 OATILINA
781 243 819 306 51

175 433 206 481 25
279 411 323 474 At
344 413 427 474 enim
450 411 518 494 quis
539 409 748 494 reprehendet
770 408 854 495 quod
874 407 908 471 in
918 409 1084 556 paricidam
1113 411 1161 474 1·οἰ

237 495 360 560 ublicac
383 494 542 558 decretum
557 493 638 557 erit?
665 494 744 558 Tem
766 517 803 558 us
819 493 895 574 dies,
931 502 1049 576 ortuna,
1073 495 1162 559 euius

175 517 322 651 1611111110
338 579 482 663 gentibus
497 579 684 642 moderatur.
711 517 778 642 Eds
793 580 904 642 merito
920 577 1049 659 accidet,
1072 578 1161 664 quid·
1236 633 1237 646 ,

216 665 292 750 quid
313 665 468 744 evenerit3
492 672 631 726 ceterum
651 685 726 744 vos,
747 672 854 749 patres
877 663 1060 747 conscripti,
1084 663 1162 748 quid
1236 663 1237 726 l

174 750 248 821 11111
270 748 347 811 alios
370 748 527 828 statuatis,
550 746 753 812 considerate.
788 747 903 812 Omnia
917 746 1000 810 mala
1014 746 1184 832 exemplar
1236 731 1237 822 l

215 855 256 896 ex
280 833 395 916 [rebus]
416 832 508 896 bonis
531 841 599 896 orta
620 841 704 914 sunt;
728 831 784 896 sed
805 831 860 896 ubi
881 831 1045 918 imperium
1059 831 1101 895 ad
1115 833 1162 916 ig·

214 939 307 980 naros
338 918 404 980 eius
434 926 488 980 aut
508 918 612 980 minus
633 917 732 981 bonos
755 917 914 1002 pervenit,
944 939 1061 980 novum
1081 915 1162 980 illud

215 1001 395 1086 exemplum
416 1002 456 1066 ab
480 1001 582 1084 dignis
612 1011 644 1065 et
664 1001 785 1065 idoneis
814 1000 856 1064 ad
877 999 1021 1085 indignos
1044 1009 1076 1064 et
1096 1022 1162 1065 non

173 1109 205 1160 28
214 1085 344 1150 idoneos
358 1086 550 1149 transfertur.
579 1085 822 1150 Lacedaemonii
844 1085 974 1149 devictis
988 1084 1161 1148 Athenien-

215 1170 301 1233 sibus
330 1172 457 1255 triginta
484 1172 569 1234 viros
600 1172 782 1255 inposuere,
822 1171 876 1256 qui
907 1192 974 1233 rem
1001 1169 1161 1254 publicam
1173 1195 1200 1242 10

174 1280 206 1329 29
215 1277 322 1319 eorum
336 1264 512 1320 tractarent.
534 1253 575 1318 Ei
589 1256 689 1339 primo
712 1277 843 1340 coepere
858 1275 1039 1339 pessumum
1053 1275 1161 1338 quem·

216 1363 276 1426 que
309 1350 339 1402 et
372 1339 514 1403 omnibus
546 1341 682 1404 invisum
713 1338 928 1403 indemnatum
958 1361 1088 1402 necare:
1123 1361 1162 1402 ea

174 1451 205 1499 30
214 1424 348 1509 populus
377 1424 486 1488 laetari
518 1433 550 1487 et
580 1425 690 1487 merito
723 1424 828 1488 dicere
860 1423 937 1486 fieri.
980 1423 1072 1505 Post,
1104 1423 1162 1488 ubi

215 1508 378 1593 paullatim
398 1508 525 1572 licentia
547 1509 654 1591 crevit,
675 1509 764 1572 iuxta
783 1508 884 1572 bonos
907 1517 938 1570 et
958 1507 1057 1571 malos
1079 1505 1159 1570 lubi-

174 1620 205 1669 31
216 1593 324 1656 dinosa
347 1593 535 1674 interficere,
566 1601 686 1656 ceteros
707 1602 793 1656 metu
813 1602 946 1656 terrere:
976 1593 1020 1656 ita
1048 1593 1200 1662 civitesls

216 1680 364 1741 servitute
380 1700 529 1762 oppressa
544 1677 655 1740 stultae
665 1676 802 1741 laetitiae
817 1678 922 1762 gravis
933 1697 1051 1761 poenas
1063 1675 1160 1740 dedit.

174 1788 206 1838 32
214 1761 329 1826 Nostra
349 1763 500 1825 memoria
520 1763 621 1827 victor
643 1761 745 1844 Sulla,
777 1784 848 1825 cum
873 1761 1103 1846 Damasippum
1129 1770 1161 1825 et

215 1843 293 1912 alios
323 1849 390 1910 eius
418 1847 517 1928 modi,
548 1847 601 1931 qui
629 1846 710 1910 111810
737 1848 784 1910 101
811 1846 957 1931 publicae
986 1845 1160 1928 creverant,

213 1931 350 2017 iugulari
370 1933 475 2014 iussit,
499 1933 568 2018 quis
590 1953 655 1994 non
675 1931 791 1994 factum
814 1933 880 1994 eius
902 1929 1073 1994 laudabat?
1104 1929 1160 1995 ho·

213 2019 314 2080 mines
344 2017 492 2081 scelestos
520 2026 551 2080 et
575 2016 738 2098 factiosos,
772 2017 826 2101 qui
857 2015 1060 2079 seditionibus
1092 2037 1162 2078 rem
1170 2041 1201 2089 20
1236 2069 1237 2104 ἶ

213 2101 373 2187 publicam
395 2104 639 2186 exagitaverant,
663 2102 773 2164 merito
788 2109 915 2165 necatos
931 2100 1064 2164 aiebant.
1095 2098 1161 2163 Sed

172 2197 204 2247 ³3
214 2208 252 2249 08
271 2209 323 2249 res
344 2209 476 2271 magnae
498 2187 620 2249 initium
647 2185 744 2248 cladis
765 2185 846 2264 11111.Ι
870 2185 952 2248 Nam
972 2193 1007 2248 ut
1029 2183 1160 2270 quisque

214 2269 341 2334 domum
362 2281 416 2334 aut
435 2271 559 2353 villam,
589 2280 746 2355 postremo
775 2291 831 2333 vas
859 2279 912 2333 aut
938 2270 1161 2334 vestimentum

214 2353 344 2418 alicuius
373 2357 610 2440 concupiverat,
641 2354 737 2418 dabat
758 2375 776 2418 o
801 2377 901 2434 eram,
930 2363 966 2418 ut
985 2355 1012 2417 is
1034 2355 1067 2416 in
1088 2375 1159 2438 pro·

172 2440 401 2524 adscriptorum
421 2461 552 2502 numero
576 2448 667 2502 esset.
696 2439 746 2504 Ita
766 2377 822 2521 illi,
846 2439 958 2523 quibus
972 2438 1160 2522 Damasippi
1169 2459 1200 2507 25

212 2543 297 2588 mors
326 2523 461 2587 laetitiae
490 2523 606 2604 fuerat,
639 2523 744 2609 paullo
766 2532 837 2608 post
865 2525 926 2608 ipsi
947 2521 1159 2604 trahebantur,

212 2629 315 2693 neque
336 2611 423 2693 prius
444 2608 515 2672 finis
545 2607 707 2693 iugulandi
732 2608 791 2672 fuit
820 2630 913 2693 quam
941 2607 1030 2672 Sulla
1057 2609 1159 2671 omnis

172 2706 203 2756 35
216 2715 289 2756 suos
312 2693 427 2756 divitiis
451 2693 599 2778 explevit.
632 2692 737 2778 Atque
758 2693 837 2756 haec
852 2714 910 2777 ego
924 2714 989 2756 non
1002 2693 1036 2754 in
1049 2691 1158 2755 Marco

212 2776 317 2841 Tullio
338 2800 441 2864 neque
462 2779 511 2842 his
533 2778 725 2862 temporibus
747 2799 875 2860 vereor;
905 2776 962 2840 sed
990 2778 1023 2839 in
1043 2798 1160 2861 magna

172 2876 204 2926 36
213 2862 338 2926 civitate
366 2862 465 2926 multa
497 2871 528 2925 et
555 2863 645 2926 varia
675 2862 802 2946 ingenia
834 2871 914 2925 sunt.
957 2861 1065 2925 Potest
1096 2861 1199 2933 811010

211 2956 365 3032 tempore,
388 2947 449 3011 alio
473 2947 600 3011 consule
607 2995 616 3028 ,
646 2948 696 3009 cui
724 2947 799 3010 item
829 2947 983 3010 exercitus
1009 2946 1043 3008 in
1062 2967 1161 3010 manu

213 3033 268 3114 sit,
290 3031 408 3096 falsum
429 3029 548 3117 aliquid
567 3053 625 3118 pro
646 3053 722 3096 vero
744 3031 847 3114 credi,
869 3031 924 3095 ubi
937 3030 998 3094 hoc
1012 3028 1159 3115 exemplo

211 3139 269 3216 per
290 3119 390 3181 senati
412 3116 571 3180 decretum
594 3114 702 3180 consul
731 3114 870 3202 gladium
899 3115 1057 3196 eduxerit,
1088 3116 1159 3200 quis
1236 3171 1237 3184 ,

211 3199 258 3264 1111
278 3200 373 3266 finem
403 3210 532 3283 statuet,
566 3209 619 3263 aut
648 3202 716 3285 quis
742 3199 978 3265 moderabitur?

170 3305 202 3355 st
273 3285 409 3350 Maiores
438 3287 552 3366 nostri,
581 3293 685 3370 patres
711 3286 894 3370 conscripti,
922 3305 1025 3370 neque
1047 3282 1161 3348 consili
1170 3305 1201 3355 35

171 3393 176 3407 ·
210 3392 251 3434 ne
273 3370 533 3436 ucaudaciaeum
554 3393 628 3434 uam
636 3392 758 3454 eguere,
770 3392 872 3470 neque
879 3369 941 3434 illis
950 3367 1096 3454 superbia
1103 3368 1159 3432 ob·

212 3391 322 3538 1181181,
337 3478 398 3541 quo
413 3459 515 3520 minus
564 3456 633 3519 'ena
643 3456 790 3536 instituta,
807 3477 834 3518 s1
844 3454 937 3520 modo
947 3453 1047 3541 proba
1058 3465 1158 3537 erant,
