2502 3968
359 261 585 330 IVGVRTHA
606 261 733 328 20—22
976 260 1020 328 08

66 435 142 526 pati
164 434 310 520 decrevit,
333 457 429 523 quam
449 433 569 500 bellum
590 455 724 516 sumere,
748 437 821 520 quia
836 441 1020 584 temptatum

67 530 171 585 antea
192 543 281 585 secus
297 528 444 586 cesserat.
477 519 588 606 Neque
603 543 640 584 eo
662 521 764 604 magis
780 519 893 606 cupido
923 541 1044 604 ngat-e

67 608 149 671 thee
160 607 368 690 minuebatur,
386 607 502 694 quippe
515 607 569 691 qui
578 615 678 670 totum
690 607 757 670 eius
771 627 904 690 regnum
914 607 1018 670 animo

68 694 137 755 iarn
161 695 329 757 invaserat.
373 692 485 778 Itaque
506 713 587 776 non,
609 701 644 756 ut
665 699 773 774 antea,
796 714 868 755 cum
888 691 1043 777 praedat

43 780 157 843 ⁵toria
176 801 289 862 manu,
320 777 377 842 sed
398 799 513 864 magno
543 779 685 844 exercitu
711 785 879 862 conparato
900 776 1020 841 bellum

69 886 187 949 gerere
216 865 320 952 coepit
342 872 375 928 et
402 872 510 950 aperte
536 865 632 932 totius
660 863 827 928 Numidiae
855 863 1021 948 imperium

68 960 192 1035 petere.
228 949 376 1016 Ceterum
398 971 462 1036 qua
480 951 642 1036 pergebat,
663 947 751 1013 urbis
773 971 865 1034 agros
886 958 1045 1031 vastares

69 1035 210 1120 praedas
222 1059 331 1124 agere3
343 1037 407 1102 suia
418 1037 567 1118 animum,
578 1033 720 1100 hostibus
731 1043 884 1100 terrorem
894 1055 1020 1121 augere.

68 1119 239 1186 Adherbal
268 1122 322 1186 ubi
348 1120 503 1208 intellegit
525 1143 562 1186 eo
587 1143 786 1208 processum,
814 1123 861 1184 uti
888 1134 1058 1206 regnum!

33 1217 127 1276 naut
148 1207 371 1273 relincundum
393 1217 477 1272 esset
498 1215 552 1270 aut
567 1209 661 1271 armis
683 1205 890 1288 retinendum,
912 1228 1020 1270 necea·

71 1294 158 1358 sario
182 1295 288 1380 copias
310 1302 403 1442 parat
425 1303 458 1358 et
470 1292 642 1379 Iugurthae
664 1290 775 1358 obvius
796 1292 948 1379 procedit
969 1291 1046 1356 ln-²

69 1381 169 1442 terim
198 1378 283 1443 haud
323 1402 404 1464 onge
434 1402 454 1442 a
480 1381 561 1443 mari
588 1400 687 1464 prope
722 1377 843 1444 Cirtam
872 1377 1021 1465 oppidum

70 1465 241 1550 utriusque
264 1467 419 1530 exercitus
443 1465 600 1547 consedit,
623 1474 654 1528 et
677 1465 751 1550 quia
772 1463 824 1530 die
846 1474 1022 1529 extremum

71 1561 151 1631 erat,
175 1549 331 1635 proelium
358 1572 423 1614 non
451 1551 619 1635 inceptum.
664 1548 728 1615 Sed
756 1549 812 1615 ubi
836 1549 1021 1636 plerumque

36 1637 178 1699 lenoetis
200 1637 369 1720 processit,
400 1635 533 1700 obscuro
557 1638 717 1700 etiamtum
743 1635 878 1718 lumine,
906 1635 1022 1700 milites

71 1719 270 1805 Iugurthini,
308 1721 397 1808 signo
427 1720 517 1804 dato,
555 1731 657 1786 caetra
689 1721 826 1786 hostium
852 1721 1021 1804 invadunt}

73 1807 284 1869 semisomnos
329 1807 430 1889 artim,
454 1805 532 1870 alios
547 1829 635 1871 arma
652 1810 802 1872 sumentis
823 1807 934 1892 fugant
953 1806 1018 1870 fun·

72 1891 235 1976 duntque3
255 1828 420 1956 Adherbal
435 1895 630 1977 campaneis
646 1892 802 1978 equitibus
818 1891 937 1956 Cirtam
950 1912 1017 2040 pgo

71 1977 155 2062 fugit
162 2025 172 2059 ,
203 1984 235 2040 et
255 1977 290 2041 ni
310 1976 475 2043 multitudo
504 1986 680 2064 togatorum
700 1979 810 2044 fuisset
817 2025 826 2059 ,
856 1999 936 2062 quae
986 1998 1019 2040 u·

35 2062 180 2126 tomidas
202 2063 395 2148 insequentis
417 2063 583 2128 moenibus
603 2063 773 2149 prohibuit,
796 2084 859 2126 uno
874 2062 925 2126 die
939 2063 1021 2126 inter

74 2147 156 2213 duos
179 2170 273 2234 reges
303 2159 448 2237 coeptum
476 2159 570 2234 atque
597 2159 756 2235 patratum
783 2146 902 2213 bellum
928 2148 1019 2212 foret.

73 2231 178 2320 Igitur
191 2233 345 2319 Iugurtha
359 2234 509 2322 oppidum
524 2235 732 2318 circumsedit,
752 2235 854 2298 vineis
868 2233 1014 2298 turribus·
1029 2249 1047 2299 a

75 2341 138 2402 que
162 2327 195 2382 et
214 2318 367 2384 machinis
390 2321 528 2385 omnium
543 2343 694 2407 generum
713 2341 895 2406 expugnare
910 2319 1021 2405 adgre-

75 2403 171 2486 ditur,
184 2405 490 2470 maxumefestinans
501 2415 624 2491 tempus
633 2406 809 2492 legatorum
817 2414 1021 2492 antecapere,

36 2505 158 2576 aequos
188 2498 260 2554 ante
288 2489 443 2577 proelium
471 2491 589 2558 factum
611 2491 652 2556 ab
679 2489 862 2556 Adherbale
890 2491 1022 2555 Romam

75 2575 191 2638 missos
214 2575 386 2642 audiverat.

141 2658 208 2723 Sed
259 2670 401 2749 ostquam
429 2670 555 2726 senatus
586 2660 731 2728 debello
760 2683 870 2725 eorum
891 2662 1047 2810 accepim

76 2753 143 2812 tres
173 2745 215 2809 ad
249 2757 391 2813 eecentes
419 2749 454 2812 in
474 2749 615 2812 Africam
641 2747 804 2832 legantur,
834 2748 888 2832 qui
912 2767 1022 2811 amos

76 2853 172 2917 reges
195 2831 324 2916 adeant,
347 2834 448 2896 senati
468 2832 640 2919 populique
660 2833 795 2898 Romani
815 2832 922 2896 verbis
943 2853 1022 2898 nun-

39 2920 172 2986 sotient:
193 2915 286 2982 Velle
309 2926 341 2982 et
362 2939 500 2999 censere,
524 2939 578 2982 eos
601 2917 641 2981 ab
663 2919 759 2981 armis
782 2917 960 2998 discedere,
983 2914 1023 2979 de

78 3005 302 3068 controversiis
325 3005 389 3068 suis
403 3006 471 3068 iure
485 3005 589 3089 potius
611 3026 705 3089 quam
726 3002 811 3067 bello
833 3003 919 3066 disee
941 3011 1023 3084 tare;

76 3089 123 3152 ita
145 3109 242 3174 seque
263 3088 390 3176 illisque
412 3089 543 3174 dignum
565 3111 644 3152 esse.
687 3089 800 3236 Legati
825 3089 858 3150 in
940 3087 1064 3154 icamza

77 3182 271 3238 maturantes
293 3177 440 3255 veniunt,
469 3196 506 3239 eo
528 3177 645 3259 magis,
675 3196 736 3260 quo
784 3173 917 3254 Romae,
948 3171 1022 3234 dum

41 3258 236 3410 ³5proficisci
256 3269 385 3345 parant,
415 3258 596 3406 dedproelio
625 3261 707 3325 facto
730 3266 761 3322 et
789 3258 1022 3342 oppugnatione

106 3346 187 3409 irtae
202 3345 405 3428 audiebatur3
426 3366 461 3409 se
497 3345 647 3409 isrumor
668 3343 806 3407 clemens
829 3352 905 3407 erat
939 3341 1023 3419 Quo·
1030 3361 1047 3412 2

78 3453 150 3495 rum
164 3429 318 3518 Iugurtha
331 3438 463 3517 accepta
477 3431 616 3495 oratione
637 3427 814 3514 respondit:
838 3427 906 3493 Sibi
919 3448 1024 3512 neque

80 3520 180 3582 maius
196 3517 365 3603 quicquam
383 3536 490 3602 neque
504 3517 607 3581 carius
622 3515 806 3580 auctoritate
822 3514 922 3578 senati
937 3533 1024 3592 esse;
