2520 3966
205 241 250 331 a
382 187 385 190 ’
493 237 871 330 recussus
1000 270 1008 279 ·

177 424 279 526 θ’άξδῐ
300 421 492 500 vastabatur.
535 432 669 499 Dttobus
692 433 771 500 lo'cis
792 433 878 499 litat
898 431 994 522 loligo
1014 422 1100 500 ihter
1124 435 1162 500 se

203 529 306 588 castra
325 521 503 606 faciebant3
529 519 585 586 ubi
613 522 647 586 vi
669 543 748 609 opus
771 530 854 606 erat,
884 522 990 587 cuncti
1018 519 1161 606 aderant,

118 618 120 622 '
176 615 358 691 tceterum,
392 630 453 694 quo
482 607 558 694 biga
580 615 674 696 atque
703 607 838 674 formido
867 608 961 673 latius
992 616 1161 692 cresceret,

176 694 320 764 tdivorsi
351 694 497 780 agebant.
541 691 590 759 Eo
622 704 765 780 tempore
793 693 946 781 Iugurtha
977 716 1036 782 per
1067 693 1162 759 collis
1239 719 1240 782 ζ

200 782 306 870 sequi,
328 788 453 867 tempus
475 788 529 845 aut
549 778 655 844 locum
676 803 802 868 pugnae
818 801 983 867 quaerere3
1007 802 1069 868 qua
1082 803 1188 852 ven-s
1239 825 1240 878 ,

199 875 304 932 buum
324 866 449 932 hostem
470 866 629 952 audierat,
650 864 803 954 pabulum
825 876 857 931 et
878 889 1030 956 aquarum
1051 866 1160 952 fontis,
1239 887 1240 930 3

200 975 333 1043 quorum
353 955 506 1040 paenuria
520 963 596 1037 erat,
619 975 835 1041 corrumpere3
857 952 952 1019 modo
968 975 1003 1017 se
1016 951 1160 1038 Metello,
1239 977 1240 982 ¹

199 1038 358 1104 interdum
389 1039 490 1106 Mario
524 1040 708 1123 ostendere,
747 1049 924 1128 postremos
961 1040 995 1103 in
1030 1040 1161 1124 agmine
1239 1033 1240 1096 l

199 1134 354 1213 temptare
386 1147 424 1190 ao
456 1127 563 1190 statim
583 1129 618 1192 in
640 1126 729 1191 collis
759 1125 901 1212 regredi,
937 1147 1045 1192 rursus
1074 1123 1160 1208 aliis,

197 1221 270 1299 post
302 1212 372 1276 aliis
405 1212 559 1276 minitari:
591 1233 695 1298 neque
728 1213 884 1300 proelium
915 1209 1020 1277 facere
1051 1231 1160 1299 neque
1173 1236 1202 1285 ιο

197 1300 296 1364 otium
317 1299 400 1385 pati,
421 1298 637 1365 tantummodo
658 1299 783 1364 hostem
804 1298 844 1364 ab
866 1297 938 1362 ince
960 1306 992 1362 to
1007 1297 1159 1362 retinere.

146 1391 188 1458 u
261 1383 422 1450 Romanus
454 1386 625 1472 imperator
656 1385 712 1449 ubi
744 1407 778 1449 se
812 1384 893 1448 dolis
935 1384 1047 1470 atigari
1067 1383 1161 1448 videt

196 1491 300 1556 neque
322 1470 363 1536 ab
384 1470 476 1536 hoste
499 1475 623 1558 copiam
642 1469 807 1559 pugnandi
827 1470 913 1553 fieri,
935 1468 1047 1534 urbem
1068 1491 1159 1556 mag-

196 1577 270 1620 nam
303 1566 334 1620 et
361 1557 395 1620 in
417 1579 456 1621 ea
483 1567 590 1645 parte,
607 1605 609 1612 .
625 1579 688 1646 qua
717 1559 777 1621 sita
806 1566 888 1639 erat,
922 1577 1028 1621 arcem
1053 1557 1160 1640 regni,
1239 1555 1240 1616 ἕ

195 1639 324 1708 nomine
345 1642 493 1727 Zamam,
517 1645 626 1710 statuit
648 1665 846 1792 oppugnare,
874 1653 978 1727 ratus,
1007 1641 1042 1706 id
1069 1641 1200 1729 quod1⁵
1239 1687 1240 1696 κ

195 1729 357 1814 negotium
371 1730 533 1816 poscebat,
555 1731 666 1817 Iugurt
688 1751 740 1794 am
754 1728 971 1796 laborantibus
986 1729 1051 1792 suis
1066 1729 1159 1792 auxi·
1239 1791 1240 1794 ,

170 1813 239 1902 ilio
260 1824 444 1900 venturum,
471 1816 578 1903 ibique
599 1815 755 1903 proelium
776 1815 853 1880 fore:
897 1813 942 1879 At
969 1814 1041 1897 ille,
1093 1837 1158 1879 uae
1239 1805 1240 1860 3

195 1900 388 1990 parabantur
410 1922 430 1966 a
450 1902 746 1988 pertbgisedoctus,¹
769 1901 893 1986 magnis
907 1835 1158 1966 itineribmhie-

194 1987 305 2054 tellum
327 1998 400 2053 ante
421 1989 525 2053 venit:
549 1988 723 2076 oppidanos
744 1988 887 2052 hortatur
904 1987 1029 2051 moenia
1047 1986 1158 2051 defen·
1239 2009 1240 2014 ¹

195 2074 285 2158 dant,
307 2073 423 2140 additis
445 2073 564 2138 auxilio
585 2073 742 2161 perfugis,
765 2073 850 2160 quod
872 2092 972 2159 genus·
995 2093 1037 2136 ex
1052 2074 1157 2159 copiis
1167 2095 1200 2145 zo

193 2161 288 2248 regis,
311 2161 386 2248 quia
403 2159 514 2225 fallere
535 2159 695 2247 nequibat,
717 2159 942 2224 firmissumum
965 2166 1041 2241 erat,
1062 2180 1157 2246 prae·
1239 2239 1240 2248 ἵ

193 2256 281 2311 terea
301 2245 468 2333 pollicetur
499 2248 696 2332 intempore
719 2254 820 2310 semet
841 2255 913 2310 cuin
935 2246 1078 2309 exercitu
1101 2243 1158 2310 ad-

167 2333 270 2400 tiore.
313 2331 364 2396 Ita
385 2353 424 2396 oo
468 2333 556 2398 ositis
577 2333 690 2416 rebus,
720 2333 754 2395 in
780 2331 852 2396 loca
880 2353 975 2418 quam
1003 2353 1158 2395 maxume

194 2415 320 2483 occulta
341 2414 427 2482 disce
452 2420 490 2501 't,
521 2439 559 2482 ac
579 2427 652 2504 post
672 2418 781 2505 paullo
810 2419 989 2502 cognoscit,
1016 2416 1158 2482 Marium

193 2515 235 2568 ex
256 2501 369 2568 itinere
390 2503 614 2569 frumentatum
636 2527 708 2570 cum
735 2505 846 2590 paucis
874 2502 1055 2570 cohortibus
1085 2501 1197 2572 Sic-25

193 2611 264 2653 cam
284 2590 432 2673 missum,
462 2590 547 2676 quod
576 2590 726 2677 oppidum
754 2591 892 2676 primum
914 2589 1054 2654 omnium
1080 2599 1156 2674 post

167 2673 309 2745 tmalam
329 2697 469 2763 pugnam
491 2677 531 2741 ab
552 2697 630 2762 rege
652 2673 820 2742 defecerat.
853 2677 903 2741 Eo
926 2698 998 2741 oum
1020 2673 1155 2740 delectis

193 2759 350 2848 equitibus
372 2770 468 2828 noctu
488 2765 602 2850 pergit,
626 2771 658 2828 ct
672 2764 735 2827 iam
751 2762 985 2848 egredientibus
999 2761 1155 2826 Romanis

191 2848 225 2912 in
246 2856 338 2935 porta
357 2870 497 2935 pugnam
517 2849 609 2933 lacit3
633 2847 727 2912 simul
748 2866 865 2933 magna
884 2869 964 2914 voce
983 2847 1155 2913 Siccenses

190 2931 349 3017 hortatur,
376 2934 423 2998 uti
445 2934 582 3000 cohortis
604 2933 645 2998 ab
673 2943 763 3020 tergo
791 2935 1055 3000 circumveniant:
1089 2933 1195 3008 for-ao

190 3027 299 3084 unam
326 3019 390 3085 illis
419 3019 576 3107 praeclari
602 3020 752 3085 facinoris
786 3041 895 3086 casum
930 3019 1023 3104 darc;
1057 3020 1085 3084 si
1118 3021 1154 3085 id

190 3105 338 3190 fecerint,
378 3115 489 3193 postca
518 3127 588 3171 sese
620 3109 654 3170 in
682 3126 798 3193 regno,
839 3101 975 3172 illob-in
1001 3104 1153 3190 libertate

165 3192 259 3259 tsine
291 3200 378 3258 metu
410 3201 546 3274 aetatem
580 3201 714 3258 acturos.
758 3193 809 3257 Ac
840 3195 874 3257 ni
905 3191 1024 3257 Marius
1058 3192 1154 3276 signa

189 3276 307 3342 inferre
346 3286 441 3363 atque
478 3277 614 3344 evadere
643 3278 759 3365 oppido
789 3278 1039 3371 properavisset,
1078 3298 1152 3362 pro-

189 3361 272 3428 fecto
295 3365 400 3429 cuncti
421 3373 475 3428 aut
496 3387 529 3429 rn
593 3387 613 3428 a
633 3386 707 3451 pars
722 3363 920 3435 Siccensium
933 3363 1030 3430 fidem
1048 3371 1190 3433 muta-ot

163 3447 327 3536 ttimpnt:
357 3458 448 3514 tanta
465 3385 640 3515 moblltbts
663 3471 733 3515 sese
755 3449 911 3518 Numidae
933 3458 1039 3540 agunt.
1084 3445 1150 3519 Sed

191 3530 307 3597 milites
328 3533 516 3618 Iugurthini,
537 3535 698 3621 paulisper
719 3535 760 3600 ab
774 3533 851 3621 r‘sge
865 3538 1041 3618 sustentati,
1062 3543 1148 3622 post-
