2502 3968
398 281 603 347 ΟΑΤΠᾸΝΑ
623 282 758 348 58-60
1008 284 1049 347 43

105 454 202 518 etiam
227 452 352 517 timidos
380 453 467 517 fortis
488 451 572 516 facit.
614 451 696 516 Nam
722 451 887 518 multitudo
913 453 1050 521 hostium
1060 473 1092 522 20

105 560 148 602 ne
177 539 402 603 circumvenire
435 547 541 624 queat,
582 536 749 622 prohibent
781 541 943 624 angustiae
977 538 1050 605 loci.

106 621 201 702 Quod
222 624 249 686 si
269 624 377 686 virtuti
397 630 522 687 vostrae
544 621 667 686 fortuna
687 621 851 708 inviderit,
881 633 990 690 cavete
1010 646 1051 688 ne
1061 641 1090 692 21
1206 611 1211 620 ¹

104 707 198 772 inulti
219 709 355 772 animam
376 707 542 788 amittatis,
570 729 634 771 neu
655 707 739 792 capti
759 709 864 794 potius
886 709 978 774 sicuti
998 731 1051 796 pe·

79 791 396 875 scoratrucidemini,
414 814 507 879 quam
514 791 653 856 virorum
663 809 750 856 more
783 803 1052 878 ugnantescruen-

106 887 174 942 tam
195 886 288 962 atque
310 876 484 941 luctuosam
505 877 669 941 victoriam
687 815 829 941 hostrltus
849 877 1052 953 relinouatis.’

170 961 260 1026 Haec
293 961 348 1026 ubi
380 961 479 1043 dixit,
518 960 692 1047 paullulum
724 959 1102 1048 commoratus'signasa

106 1069 221 1111 canere
237 1045 324 1110 iubet
339 1054 433 1132 atque
448 1047 615 1110 instructos
632 1046 757 1111 ordines
773 1047 807 1111 in
823 1046 926 1112 locum
944 1069 1054 1114 aecum

106 1130 244 1196 deducit.
283 1131 377 1212 Dein,
399 1131 528 1195 remotis
549 1132 688 1195 omnium
709 1131 798 1218 equis
820 1154 881 1219 quo
902 1133 1053 1198 militibus

66 1245 96 1293 to
107 1225 283 1316 exaequato
305 1215 445 1301 periculo
468 1216 590 1280 animus
604 1216 737 1301 amplior
758 1226 851 1301 esset,
873 1219 884 1281 i
908 1239 941 1282 se
955 1217 1053 1305 pedes

106 1310 283 1366 excrc1tum
303 1323 361 1386 pro
383 1299 453 1365 loco
475 1310 570 1388 atque
592 1303 690 1387 copiis
712 1301 848 1368 instruit.
921 1325 986 1385 am,
1007 1303 1078 1372 uti!

104 1383 255 1474 planities
277 1395 344 1449 erat
372 1387 453 1450 inter
482 1386 623 1450 sinistros
652 1388 766 1450 montis
797 1396 828 1451 et
855 1387 894 1452 ab
924 1387 1054 1451 dextera

104 1493 187 1556 rupe
209 1492 334 1556 aspera,
357 1478 427 1536 octo
451 1470 586 1534 cohortis
608 1473 641 1533 in
661 1469 764 1536 fronte
786 1473 960 1555 constituit3
982 1471 1054 1537 reli·

106 1577 242 1644 quarum
266 1557 356 1640 signa
383 1555 417 1618 in
446 1554 585 1619 subsidio
618 1556 714 1619 artius
744 1555 905 1622 conlocat:
940 1556 979 1622 ab
1009 1558 1080 1630 aisa

66 1663 95 1713 15
106 1641 300 1705 centurionis
328 1641 427 1704 omnis
454 1639 552 1704 lectos
580 1647 615 1704 et
640 1649 802 1724 evocatos,
829 1651 993 1727 praeterea
1015 1662 1056 1706 ex

104 1725 261 1812 gregariis
276 1722 427 1789 militibus
442 1733 603 1809 optumum
618 1747 772 1812 quemque
785 1736 938 1791 armatum
949 1729 983 1790 in
992 1727 1055 1812 pri·

10 1831 11 1856 ¹
104 1807 463 1875 mamaciemsubducit.
476 1807 1055 1893 GaiumManliumindextera,Faesu·

10 1883 11 1912 ¹
105 1895 216 1960 lanum
225 1895 421 1982 quendamin
432 1895 651 1979 sinistraparte
666 1916 774 1958 cinare
789 1893 892 1978 iubet3
907 1897 1056 1980 ipseeum

106 1979 229 2044 libertis
246 1988 276 2044 et
292 1980 552 2127 ⁰⁰l⁰niffrlpl⁶ssr
566 1978 702 2066 aquilam
717 1977 848 2062 adsistit,
865 2001 958 2066 quam
971 1978 1057 2045 bello

63 2089 95 2142 20
106 2063 269 2130 Cimbrico
284 2063 381 2128 Gaius
430 2086 512 2128 anus
523 2085 557 2126 m
573 2067 714 2129 exercitu
722 2062 870 2128 habuise
885 2064 1056 2129 dicebatur.

172 2148 217 2214 At
231 2170 272 2213 ex
286 2149 386 2213 altera
399 2157 488 2234 parte
504 2147 602 2213 Gaius
616 2149 781 2232 Antonius,
827 2148 937 2214 edibus
952 2171 1081 2234 sagena

107 2232 195 2320 quod
215 2232 336 2319 proelio
358 2232 469 2326 adesse
490 2233 656 2319 nequibat,
677 2234 784 2298 Marco
803 2171 930 2299 l’etreio
952 2233 1056 2319 legato

107 2320 285 2384 exereitum
297 2321 458 2403 permittit.
480 2317 540 2382 llle
562 2319 697 2383 cohortis
716 2328 891 2402 veteranas,
911 2341 988 2406 quaa
1009 2329 1081 2396 tu-5

106 2401 199 2469 multi
215 2425 326 2468 caussa
340 2405 576 2489 conscripserat,
591 2405 625 2466 in
638 2403 749 2487 trente,
764 2412 837 2490 post
851 2427 904 2468 eas
919 2413 1057 2469 ceterum

65 2512 96 2562 25
108 2491 283 2554 exercitam
290 2489 323 2550 in
331 2487 477 2553 subsidiis
485 2487 582 2572 locat3
593 2490 661 2575 ipse
669 2510 749 2575 equo
755 2491 941 2554 circumiens
948 2511 1056 2553 unum-

108 2595 265 2661 quemque
282 2574 447 2637 nominans
465 2573 602 2660 adpellat
620 2574 760 2638 hortatur
780 2584 880 2660 rogat,
902 2583 936 2638 ut
950 2574 1057 2638 memi-

108 2660 223 2741 nerint,
236 2680 270 2722 se
283 2667 392 2722 contra
404 2657 541 2722 latrones
549 2659 686 2740 inermis,
722 2680 758 2722 ro
766 2661 868 2744 patria
874 2680 931 2744 pro
939 2657 1058 2739 liberis,

102 2765 169 2830 pro
184 2745 247 2808 aris
262 2752 356 2829 atque
370 2743 448 2807 focis
464 2744 528 2806 suis
542 2752 671 2807 certare.
726 2743 958 2828 omomilitaris,
974 2742 1083 2830 quoda

109 2827 244 2914 amplius
274 2850 372 2892 annos
393 2829 523 2912 triginta
543 2828 686 2892 tribunus
708 2839 762 2891 aut
783 2828 974 2914 praefectus,
1004 2837 1058 2891 aut

68 2939 100 2989 30
109 2912 234 2998 legatus
256 2923 310 2977 aut
328 2917 455 2998 praetor
485 2933 556 2986 cum
583 2935 698 2998 magna
726 2911 827 2997 gloria
854 2914 889 2976 in
917 2913 1059 2977 exercitu

109 2998 221 3083 fuerat,
244 2997 411 3085 plerosque
426 2999 512 3083 ipsos
526 2997 669 3084 laetaque
685 3019 791 3062 eorum
805 2997 899 3061 fortia
912 3005 1057 3062 noverat:

111 3105 149 3146 ea
171 3081 440 3148 commemorando
462 3083 597 3147 militum
618 3084 738 3147 animos
760 3080 962 3147 accendebat.

175 3166 240 3233 Sed
253 3167 308 3232 ubi
330 3165 473 3231 omnibus
496 3166 610 3254 [rebus]
635 3167 805 3269 exploratis
825 3166 968 3232 Petreius
982 3164 1110 3237 tubam

112 3253 237 3338 signum
259 3252 321 3336 dat,
344 3250 480 3316 cohortis
500 3251 663 3338 paullatim
682 3251 828 3317 mcedere
848 3251 951 3334 iubet,
973 3249 1058 3316 idem

70 3337 186 3407 ttiaoit
206 3337 343 3402 hostium
365 3338 531 3401 exercitus.
574 3337 745 3423 Postquam
774 3357 811 3400 eo
840 3345 971 3401 ventum
1000 3343 1084 3419 cst‚2

111 3423 195 3486 unde
210 3422 416 3487 aierentariis
431 3420 586 3507 proelium
599 3423 751 3488 committi
769 3431 887 3507 posset,
909 3441 1057 3486 maxumo

112 3508 248 3574 clamore
270 3529 342 3572 cum
362 3507 484 3572 infestis
513 3507 611 3594 signis
639 3515 841 3590 concurrunt3
870 3505 937 3592 pila
967 3505 1055 3572 omit·
