2502 3968
354 245 562 314 cemma
584 244 726 313 1e-2o
979 247 1021 316 aa

54 423 170 490 ecdem
206 432 348 576 tempore
382 421 512 489 Gnaeus
543 419 636 504 Piso,
673 418 862 488 adulescens
893 418 1020 505 nobilis,

54 532 199 578 summae
220 532 262 575 au
283 511 388 592 aciae,
412 531 509 595 egens
530 507 696 590 factiosus,
719 529 815 596 quem
836 506 878 573 ad
898 516 1021 595 pertur-

10 671 11 674 ,
53 596 195 664 bundam
217 618 285 660 rem
307 595 468 683 publicam
489 595 543 660 ino
566 595 599 658 ia
620 602 716 681 atque
736 593 814 660 mali
834 616 939 660 mores
966 594 1020 658 sti·

10 695 19 758 t
53 682 229 748 mulabant.
274 681 356 748 Cum
383 681 445 747 hoc
467 617 606 746 Catilina
632 690 665 744 et
691 679 866 748 Autronius
895 679 1047 750 circitera

9 780 10 828 l
35 770 164 836 sNonas
186 768 376 835 Decembris
399 766 531 834 consilio
554 767 785 833 communicato
806 766 963 854 parabant
987 766 1023 832 in

18 924 20 932 ,
56 855 215 943 Capitolio
226 854 382 920 Kalendis
393 853 549 918 Ianuariis
560 853 696 920 Lucium
708 851 835 920 Cottam
846 863 878 917 et
887 853 1022 919 Lucium

9 963 10 984 ³
55 943 254 1029 Torquatum
283 940 430 1006 consules
459 939 654 1024 interficere,
684 938 747 1027 ipsi
778 940 918 1005 fascibus
948 961 1021 1006 con-

55 1029 156 1179 ffipfis
184 1028 341 1180 Pisonetrtq
369 1049 460 1178 cumE
471 1026 615 1092 exercitu
644 1025 687 1177 atq
719 1024 1022 1178 obtinendasNduas

100 1136 297 1179 samasmr
342 1136 387 1178 re.
461 1133 597 1178 areco
694 1134 835 1195 ,rursus
858 1137 892 1176 m
944 1131 1047 1184 onasa

24 1139 249 1270 loFebiuarias
272 1199 436 1265 consilium
461 1198 567 1264 caedis
589 1135 824 1265 tidlnstulerant
865 1198 935 1263 Iam
955 1207 1047 1268 uma

57 1311 120 1354 non
144 1285 328 1352 consulibus
349 1285 460 1370 mode,
484 1285 542 1351 sed
555 1284 716 1374 plerisque
732 1285 929 1352 senatoribus
951 1306 1022 1371 per-

57 1375 175 1440 niciem
201 1371 472 1440 machinabantur.
503 1370 598 1452 Quod
618 1372 652 1436 ni
675 1369 1048 1442 Catilinamaturasseta

8 1511 10 1520 .
57 1483 114 1546 pro
138 1460 229 1526 curia
250 1459 375 1545 signum
401 1459 495 1524 sociis
519 1458 611 1540 dare,
634 1479 672 1522 eo
696 1457 748 1525 dic
768 1467 842 1546 post
863 1457 1023 1524 conditam

58 1546 171 1612 urbem
200 1545 335 1612 Romam
372 1566 557 1632 pessumum
585 1544 708 1611 facinus
741 1552 900 1631 patratum
931 1544 1022 1610 foret.

25 1631 144 1713 uQuia
165 1631 307 1697 nondum
328 1631 509 1718 frequentes
529 1631 643 1696 armati
657 1640 887 1715 convenerant,
911 1653 951 1696 ea
970 1653 1023 1696 ree

8 1759 9 1776 .
60 1717 228 1784 consilium
251 1718 385 1784 diremit.
422 1718 539 1783 Postea
552 1717 627 1783 Piso
648 1719 684 1782 in
706 1718 886 1784 citeriorem
906 1715 1074 1804 Hispa-10

59 1807 145 1870 niam
179 1813 327 1891 quaestor
357 1825 416 1891 pro
468 1812 592 1870 ractcre
620 1804 737 1870 missus
764 1813 828 1888 est,
861 1803 1023 1870 adnitente

60 1891 188 1975 Crasso,
211 1888 297 1978 quod
312 1913 385 1956 eum
399 1891 549 1956 inertum
563 1890 727 1956 inimicum
744 1890 855 1956 Gnaeo
869 1890 1022 1977 Pompeio

60 1985 263 2065 cognoverat.
306 1977 419 2064 Neque
450 1986 558 2042 tamen
587 1987 714 2044 senatus
746 1977 944 2063 provinciam
975 1976 1048 2046 in·2

22 2086 52 2136 ro
59 2065 144 2130 vitus
160 2063 308 2148 dederat3
353 2063 450 2150 uippe
472 2061 601 2130 foedum
614 2063 776 2130 hominem
796 2087 818 2128 a
837 2085 873 2128 re
893 2059 1024 2150 publica

59 2149 172 2238 procul
188 2171 258 2217 csse
272 2149 346 2216 vole
370 2158 419 2235 at;
443 2148 537 2214 simul
559 2150 635 2238 quia
652 2149 730 2216 boni
750 2148 918 2236 conplures
930 2171 1024 2300 prae·

60 2237 178 2304 sidium
204 2237 239 2302 in
260 2259 299 2302 eo
324 2236 494 2326 putabant,
524 2245 556 2300 et
584 2237 648 2302 iam
676 2245 744 2302 tum
769 2236 911 2324 potentia
959 2257 1024 2302 om-

59 2325 113 2411 pci
134 2322 341 2390 formidolosa
362 2330 439 2388 erat.
483 2320 549 2388 Sed
575 2322 604 2388 is
625 2322 701 2388 Piso
730 2323 764 2388 in
792 2323 958 2409 provincia
983 2319 1050 2396 aba

61 2409 221 2498 equitibus
242 2409 412 2496 Hispanis,
443 2429 522 2496 quos
549 2408 584 2474 in
605 2409 748 2476 exercitu
769 2410 937 2493 ductabat,
965 2410 1026 2476 iter

23 2497 182 2568 refaciens
212 2497 336 2562 occisus
364 2504 421 2561 est.
466 2493 547 2562 Sunt
575 2497 631 2582 qui
659 2496 704 2561 ita
731 2496 858 2579 dicunt,
891 2495 1051 2583 imperial

62 2584 130 2650 cius
160 2583 278 2648 iniusta
307 2581 446 2669 superba
474 2581 617 2649 crudelia
652 2580 807 2649 barbaros
842 2581 1025 2670 nequivisse

83 2670 146 2754 ati,
169 2669 224 2734 alii
246 2677 352 2734 autem
374 2667 496 2755 equites
517 2668 604 2752 illos,
628 2667 732 2736 Gnaei
746 2669 880 2756 Pompei
900 2677 1051 2740 veterese

60 2693 207 2843 ideaque
230 2755 371 2838 clientis,
393 2753 556 2822 uoluntate
579 2757 647 2821 eius
667 2755 819 2822 Pisonem
840 2755 1025 2842 adgress0s3

61 2864 236 2929 numquam
264 2842 426 2928 Hispanos
457 2850 625 2928 praeterea
654 2840 719 2908 tale
751 2841 874 2908 facinus
900 2842 1025 2926 fecisse,

23 2929 121 3000 ecsed
142 2928 278 3015 imperia
300 2947 398 2992 saeva
417 2927 518 2994 multa
539 2936 634 2994 antea
646 2949 826 3017 perpessos.
866 2927 932 2994 Nos
955 2946 1052 2997 eamt

61 3038 131 3082 rem
153 3014 307 3165 iplmedio
320 3012 545 3101 relinquemus.
574 3013 626 3080 De
642 3015 797 3102 superiori
812 3014 1027 3082 coniuratione
1165 3011 1167 3018 ’

63 3101 140 3168 satis
186 3101 291 3167 ‘etum

129 3185 276 3271 Catilina„
288 3184 344 3253 ubi
355 3208 419 3271 eos,
432 3208 511 3274 quos
517 3186 627 3277 paullo
636 3197 708 3254 ante
716 3187 900 3271 memoravi,
913 3208 1026 3252 conve·
1037 3206 1079 3261 ιο

62 3275 151 3340 nisse
161 3272 259 3356 videt,
270 3273 397 3339 tametsi
408 3295 481 3340 cum
492 3273 625 3362 singulis
636 3274 737 3340 multa
747 3296 844 3362 saepe
852 3282 969 3360 egerat,
982 3281 1027 3338 ta-

24 3359 1027 3449 rtmeninremforecredensunivoreosadpellareetcohortori,

62 3447 98 3514 in
117 3444 260 3516 abditam
278 3457 401 3535 partem
421 3447 548 3514 aedium
566 3448 688 3515 secedit
702 3457 797 3536 atque
810 3447 865 3532 ibi,
882 3446 1029 3514 omnibus

63 3531 194 3602 arbitris
203 3532 319 3619 procul
333 3535 462 3619 amotiq·
473 3536 648 3602 orationem
662 3535 794 3602 huiusce
805 3533 893 3602 modi
902 3530 1028 3600 habuit:
