2520 3966
365 217 593 290 IVGVR'I'HA
614 221 743 292 60-θῖ
984 223 1028 301 21

72 393 177 462 audiri
205 417 225 460 a
253 391 319 460 suis
351 401 406 462 aut
439 397 526 462 cerni
557 403 705 484 possent,
737 417 867 466 monere
887 396 949 484 ,alii
973 397 1030 468 alu

71 480 207 568 hortari,
231 488 285 586 aut
305 501 402 548 manu
423 481 603 586 signiticare
624 493 678 586 aut
699 483 758 550 niti
780 483 973 588 corporibus,
997 492 1030 552 et

73 591 113 635 ea
135 568 197 635 huc
219 573 251 633 et
272 565 349 633 illuc
378 590 468 720 (ζιεει
495 568 662 636 vrtabundr
695 578 748 638 aut
781 572 932 640 iaciente·
965 569 1031 638 tela

73 656 206 742 agitare.
252 651 346 735 Quod
366 675 389 721 u
411 655 423 720 i
442 654 543 723 Mario
567 658 729 744 cognitum
752 666 800 724 est
827 695 871 706 —
898 681 972 726 nam
1000 659 1055 727 iet

45 744 107 809 oin
138 763 176 808 ea
203 749 293 828 parte
323 741 455 808 curabat
476 780 535 826 -,
566 742 709 810 consulto
736 741 839 810 lenius
868 767 963 831 agere
992 765 1030 810 ac

73 827 283 893 diffidentiam
304 829 352 894 rei
374 827 540 912 simulare3
561 831 628 916 pati
642 829 795 896 Numidas
811 830 880 896 aine
894 829 1030 896 tumultu

72 915 160 1000 regis
181 911 337 1001 proelium
358 916 472 981 visere.
502 914 551 980 Ita
566 914 629 982 illis
645 915 749 983 studio
772 939 900 983 suonam
921 917 1055 985 autrico

72 1002 132 1085 tis,
164 1008 296 1088 repente
325 1023 440 1088 magna
466 1002 499 1066 vi
526 1024 650 1068 murum
678 1001 875 1090 adgreditur,
909 1010 942 1070 et
966 1003 1030 1070 iam

74 1085 170 1154 scalis
198 1087 319 1172 egressi
347 1087 465 1154 milites
510 1110 587 1175 rope
609 1111 732 1156 summa
758 1111 794 1154 ce
819 1096 924 1172 erant,
958 1111 1031 1156 cum

31 1171 226 1261 rooppidani
248 1182 455 1259 concurrunt,
484 1110 607 1261 ldpidea
629 1175 753 1263 ignem,
782 1111 845 1241 alia
860 1182 1032 1278 praeterea

72 1258 139 1325 tela
159 1259 317 1345 ingerunt.
360 1259 469 1327 Nostri
489 1261 592 1348 primo
621 1262 788 1346 resistere3
818 1260 949 1346 demde,
974 1260 1056 1329 ubit

71 1368 157 1411 unae
179 1354 273 1433 atque
305 1345 425 1412 alterae
454 1345 558 1414 scalae
582 1348 808 1432 comminutae,
863 1347 896 1411 ui
923 1369 1031 1434 auper-
1146 1377 1149 1386 ·

72 1439 229 1499 steterant
251 1429 370 1498 adflicti
392 1441 481 1517 sunt,
505 1434 618 1518 ceteri,
643 1455 766 1522 quoquo
782 1371 874 1501 modo
889 1441 1030 1520 potuere,

97 1520 169 1584 auci
190 1519 315 1605 integri,
339 1541 454 1606 magna
467 1540 541 1606 pars
553 1518 737 1586 volneribus
754 1519 888 1586 confecti
903 1517 1030 1588 abeunt.

32 1622 64 1674 to
110 1606 163 1670 eni
184 1626 224 1670 ue
245 1605 405 1693 utrimque
425 1605 582 1693 proelium
603 1628 669 1671 nox
691 1605 827 1671 diremit.
1041 1621 1057 1672 8

175 1689 306 1776 etellue,
328 1700 497 1780 postquam
519 1691 608 1756 videt
628 1691 746 1758 frustra
766 1691 945 1779 inceptum,
977 1704 1079 1760 nect

74 1799 138 1866 que
163 1776 315 1864 oppidum
337 1777 409 1866 capi
430 1799 534 1866 neque
556 1777 737 1864 Iugurtham
757 1778 823 1844 nisi
843 1799 887 1844 ex
906 1775 1032 1844 imidiis

73 1872 129 1929 aut
152 1885 209 1929 suo
230 1862 301 1929 loco
323 1885 463 1951 pugnam
484 1863 599 1948 facere,
623 1872 654 1930 et
675 1865 740 1930 iam
764 1871 918 1932 aestatem
940 1884 1032 1930 exac-

1 1973 2 1978 ’
73 1957 141 2017 tam
164 1971 234 2016 eoae
274 1948 314 2016 ab
336 1949 435 2016 Zama
456 1949 608 2035 discedit3
638 1951 672 2014 in
699 1951 745 2018 eis
774 1948 922 2036 urbibus,
954 1971 1033 2052 quae

31 2035 117 2110 aoad
139 2058 174 2101 se
197 1999 378 2128 deiecerant
393 2037 533 2139 satisque
545 2037 686 2102 munitae
708 2036 778 2104 loco
800 2044 854 2103 aut
868 2034 1034 2102 moembus

75 2129 180 2207 erant,
202 2121 363 2209 praesidia
384 2125 523 2210 inpomt;
547 2132 687 2189 ceterum
710 2124 885 2188 exercitum
906 2123 941 2187 in
961 2139 1059 2209 pro-2

74 2209 225 2294 vinciam,
242 2230 322 2298 quae
336 2231 492 2297 proxuma
507 2218 556 2274 eet
565 2208 745 2292 Numidiae,
761 2207 922 2288 hiemandi
933 2209 1035 2296 gratia

76 2293 221 2362 collocat.
265 2295 377 2384 Neque
398 2293 432 2361 id
454 2303 580 2384 tempus
604 2318 645 2361 ex
667 2294 800 2360 aliorum
825 2316 914 2361 more
937 2294 1060 2384 quietis

76 2388 131 2448 ant
161 2379 306 2446 luxuriae
332 2381 495 2466 concedit,
525 2381 598 2465 sed,
630 2381 776 2470 quoniam
798 2381 893 2448 armis
915 2379 1036 2448 bellum

34 2486 190 2554 ttparum
210 2465 421 2554 procedebat,
443 2467 575 2534 incidias
597 2468 666 2553 regi
687 2489 746 2554 per
764 2468 882 2534 amicos
904 2466 1035 2533 tendere

78 2561 110 2618 et
135 2575 244 2618 eorum
264 2553 398 2643 perfidia
418 2577 476 2641 pro
499 2556 594 2620 armis
616 2555 663 2618 uti
677 2560 776 2640 parat.
803 2553 905 2639 Igitur
917 2551 1062 2621 Bomilt

78 2660 201 2722 emam,
256 2641 289 2704 ui
322 2637 442 2706 Romae
478 2661 550 2706 cum
577 2637 731 2726 Iugurtha
763 2638 865 2704 fuerat
898 2649 930 2704 et
961 2637 1036 2702 inde

77 2723 212 2791 vadibus
236 2663 317 2792 datis
341 2724 421 2791 clam
442 2725 601 2792 Massivae
624 2724 664 2790 de
685 2747 765 2792 nece
783 2723 934 2790 iudicium
949 2723 1036 2810 firge-

78 2819 142 2894 rat,
186 2809 250 2877 uod
273 2812 303 2876 ei
323 2833 382 2900 per
403 2833 578 2878 maxumam
593 2812 766 2878 amicitiam
780 2833 923 2878 maxuma
944 2808 1036 2896 copia

37 2834 210 2970 aofalleddi
234 2905 316 2982 crat,
339 2895 447 2964 multis
469 2897 751 2986 pollicitationibus
766 2895 958 2982 adgreditur.
984 2894 1035 2959 Ac

79 2983 182 3070 primo
207 2978 319 3068 effi'cit,
348 2984 397 3050 uti
418 2984 459 3050 ad
481 3006 516 3050 ae
546 2983 748 3071 colloquendi
768 2983 872 3071 mutia
893 2979 1034 3048 occutus

2 3150 4 3157 Α
79 3069 205 3154 reniat3
228 3069 303 3136 dein
322 3068 388 3136 fide
409 3069 498 3155 data,
523 3071 550 3136 ei
571 3069 756 3156 Iugurtham
776 3069 886 3136 vivum
908 3075 961 3134 aut
981 3087 1037 3132 no·

81 3163 187 3220 catum
210 3155 272 3222 eibi
291 3155 491 3242 tradidisset,
521 3156 603 3241 fore,
631 3164 667 3220 ut
687 3156 736 3221 illi
758 3163 886 3222 senatus
912 3152 1037 3242 inpuni-

80 3248 180 3311 tatem
203 3253 235 3318 et
255 3265 312 3309 aua
334 3245 440 3310 omnia
462 3240 666 3325 concederet,
688 3240 782 3308 facile
795 3238 952 3306 Numidae
966 3253 1061 3327 per-t

40 3329 297 3414 ttuuadet'lcum
321 3329 460 3416 ingenio
488 3325 603 3412 infido,
630 3335 698 3392 tum
724 3328 894 3410 metuenti,
923 3349 981 3409 ne,
1009 3324 1037 3391 ai

82 3435 142 3501 pax
168 3437 240 3480 cum
267 3415 418 3481 Romania
445 3413 552 3500 fieret,
581 3416 651 3501 ipse
677 3436 736 3501 per
764 3412 967 3480 condiciones
995 3409 1037 3478 ad

82 3499 272 3586 supplicium
293 3499 480 3567 traderetur.
523 3499 572 3585 Is,
599 3499 655 3564 ubi
683 3500 819 3586 primum
848 3505 1036 3585 oportunum
1045 3514 1087 3572 oa
