2520 3966
204 251 247 318 os
493 250 722 318 rvevarnn
742 249 870 317 ara-ss
1080 207 1082 212 ’

204 424 318 509 claros,
338 445 472 528 quorum
485 425 704 491 auctoritatem
716 423 838 491 Romae
851 423 975 528 pollere
989 421 1171 509 audiverat,

205 518 316 578 eontra
345 522 507 599 mceptnm
538 533 630 577 suum
662 533 807 596 venisse,
839 533 943 598 primo
979 519 1171 594 commotus,

180 606 291 665 tmetu
319 605 414 684 atque
447 595 590 663 lubidine
622 596 770 663 divorsus
802 596 1000 684 agitabatur:
1033 597 1173 662 timebat
1246 649 1247 664 ι

205 685 286 750 iram
307 684 424 768 senati,
445 683 481 746 ni
494 684 685 770 paruissetl
760 685 769 700 ⁶
795 708 804 768 3
826 707 922 771 porro
938 685 1064 748 animus
1080 684 1171 770 cupi·
1246 693 1247 768 ᾗ

180 769 280 838 adine
299 791 413 835 caecum
432 768 475 834 ad
486 769 648 856 inceptum
662 793 716 836 sce
728 793 766 836 us
780 769 936 858 rapiebat
958 770 1046 835 Vicit
1059 779 1196 838 tament

180 857 239 923 sin
260 855 353 921 avido
375 855 503 942 ingenio
524 878 660 942 pravum
674 856 851 922 consilium.
887 855 998 942 Igitur,
1023 857 1173 922 exercitu

205 941 408 1024 circumdato,
431 965 555 1007 summa
574 944 609 1007 vi
627 941 748 1008 Cirtam
761 945 944 1030 inrumpere
957 943 1079 1026 nititur,
1102 965 1172 1007 ma-

203 1051 300 1092 xume
322 1048 453 1114 sperans
460 1077 470 1114 ,
503 1027 633 1094 diducta
659 1052 757 1094 mauu
777 1029 934 1114 hostium,
968 1038 1024 1093 aut
1051 1030 1089 1093 vi
1116 1037 1173 1094 aut

179 1113 286 1182 odolis
315 1137 386 1180 sese
418 1137 528 1182 casum
554 1115 708 1180 victoriae
734 1118 947 1182 inventurum.
993 1113 1092 1194 Quod
1112 1114 1173 1180 ubi

205 1222 297 1266 secus
310 1200 471 1286 procedit,
492 1223 598 1289 neque
619 1201 706 1288 quod
718 1201 898 1267 intenderat
913 1201 1041 1266 efficere
1051 1209 1171 1288 potest,
1184 1219 1212 1268 ιι

202 1295 239 1351 ut
265 1287 353 1374 prius
382 1309 477 1374 quem
509 1287 632 1374 legatos
659 1290 844 1354 conveniret
864 1286 1059 1352 Adherbalis
1113 1288 1172 1353 oti-

202 1381 306 1456 retur,
339 1395 382 1437 ne
407 1372 543 1460 amplius
564 1375 717 1440 morando
740 1373 911 1457 Scaurum,
941 1396 1037 1460 quem
1058 1310 1172 1460 plinu-

203 1481 290 1522 mum
303 1457 480 1543 metuebat,
502 1460 700 1544 incenderet,
723 1483 797 1526 oum
816 1462 928 1547 paucis
951 1482 970 1524 e
992 1459 1115 1525 uitibus
1137 1462 1172 1525 in

164 1545 400 1631 ttprovinciam
420 1546 518 1610 venit.
561 1546 612 1611 Ao
632 1547 760 1612 tametsi
788 1547 891 1611 senati
918 1483 1027 1611 veritis
1050 1569 1172 1632 graves

202 1631 308 1696 miuae
328 1630 571 1716 nuntiabantur,
594 1633 681 1719 quod
701 1631 743 1696 ab
765 1633 1002 1720 oppugnatione
1023 1654 1093 1697 nou
1116 1633 1171 1698 de·
1183 1649 1212 1700 15

203 1717 344 1801 sisteret,
376 1715 477 1782 multa
505 1727 613 1784 tamen
646 1720 790 1786 oratione
827 1727 1031 1807 consumpta,
1069 1718 1173 1806 legati
1246 1789 1247 1812 ,

202 1803 320 1870 frustra
340 1803 526 1871 dboessere.

152 1907 194 1963 tc
265 1890 317 1957 Ea
336 1900 505 1979 postquam
521 1891 628 1956 Cirtae
643 1891 753 1958 audita
773 1900 863 1975 sunt,
885 1891 1008 1974 Italici,
1031 1913 1173 1977 quorum
1246 1889 1247 1926 ³

201 1978 318 2044 virtute
332 1980 460 2044 moenia
473 1977 728 2061 defensabantur,
751 1977 873 2061 confisi,
897 1977 1058 2042 deditione
1073 1977 1171 2062 facta,

223 2073 332 2152 ropter
351 2063 602 2151 magnitudinem
615 2063 726 2150 populi
746 2063 882 2130 Romani
902 2061 1073 2129 inviolatos
1097 2083 1213 2133 seseto

201 2087 284 2234 iore,
312 2149 490 2216 Adherbali
512 2149 661 2233 suadent,
691 2150 738 2213 uti
767 2172 865 2236 seque
888 2159 919 2214 et
941 2148 1095 2250 oppidum
1118 2150 1173 2215 Iu-

201 2237 334 2323 gurthae
355 2236 474 2320 tradat,
504 2245 626 2302 tentum
647 2235 688 2301 ab
711 2258 749 2300 eo
772 2237 872 2301 vitam
898 2244 1097 2322 pacrsoatur:
1131 2237 1173 2302 de

175 2324 332 2407 secteris,
355 2323 479 2388 senatui
500 2345 596 2388 curae
616 2321 708 2387 fore,
737 2322 783 2387 At
803 2321 875 2405 ille,
905 2323 1034 2386 tametsi
1061 2323 1174 2387 omnia

201 2408 326 2497 potiora
353 2407 417 2473 fide
443 2407 615 2493 Iugurthae
646 2406 791 2491 rebatur,
824 2417 933 2474 tamen
963 2409 1038 2494 quia
1065 2430 1171 2495 penes

203 2493 348 2577 eosdem,
371 2495 400 2558 si
422 2493 661 2577 advorsaretur,
685 2494 820 2580 cogundi
840 2502 983 2582 potestas
1006 2502 1089 2576 erat,
1113 2494 1171 2578 ita,
1182 2512 1213 2562 tt

177 2581 249 2654 suti
270 2589 459 2645 censuerant
478 2577 599 2663 Italici,
622 2579 817 2645 deditionem
838 2581 923 2645 facit
956 2578 1113 2665 Iugurtha
1135 2582 1172 2644 in

202 2667 313 2754 primis
334 2665 551 2732 Adherbalem
566 2666 783 2732 excruciatum
804 2675 907 2749 necat,
931 2664 1047 2730 deinde
1063 2668 1170 2730 omnis

203 2751 341 2841 puberes
361 2750 516 2818 Numidas
539 2761 633 2854 atque
654 2753 868 2838 negotiatores
890 2751 1088 2837 promiscue,
1121 2753 1169 2817 uti

204 2840 274 2928 quis
296 2861 337 2904 ue
359 2838 489 2904 armatis
511 2838 624 2904 obvius
644 2837 764 2920 fuerat,
786 2837 945 2902 interficit.

149 2945 193 3002 ῃ
269 2861 363 3005 duod
391 2933 561 3026 postquam
580 2923 702 2990 Romae
730 2945 768 2989 co
814 2924 891 2988 ‘tum
919 2931 969 2990 est
997 2931 1030 2987 et
1054 2945 1108 2988 res
1136 2925 1213 2993 inat

204 3021 316 3078 senatu
337 3011 451 3097 agitari
472 3019 598 3097 coepta,
621 3009 726 3074 eidem
749 3011 756 3024 '
785 3009 946 3074 'ministri
965 3008 1050 3096 regis
1072 3010 1172 3076 inter·
1246 2999 1247 3068 Ῠ

203 3096 353 3186 pallando
382 3119 421 3162 ac
448 3117 544 3183 saepe
570 3096 674 3182 gratia
697 3093 859 3160 interdum
878 3096 929 3160 iur
953 3096 972 3110 ''
1012 3093 1171 3163 trahendo
1246 3099 1247 3114 ¹

181 3195 329 3270 atempus
361 3183 560 3249 atrocitatem
591 3181 680 3282 facti·
701 3180 874 3282 laniabant
957 3202 986 3281 c·
1003 3181 1038 3246 ni
1067 3179 1171 3250 Gaius

204 3267 387 3352 Memmius,
420 3267 565 3334 tribunus
593 3266 698 3355 plebrs
721 3265 921 3353 designatus,
954 3289 1007 3332 vn·
1034 3289 1111 3332 acer
1139 3279 1172 3334 et

205 3354 338 3422 infestus
376 3354 538 3440 potentias
575 3351 766 3438 nobilitatis,
802 3352 957 3440 populum
988 3351 1213 3424 Romanumss

206 3440 399 3523 edocuisset,
421 3439 456 3505 id
476 3441 544 3526 agi,
566 3446 603 3504 ut
622 3461 681 3526 per
718 3460 814 3506 aucos
829 3437 979 3504 factiosos
993 3438 1170 3525 Iugurthae
1246 3479 1247 3514 ι

204 3523 310 3592 scelus
337 3522 586 3610 condonaretur,
618 3546 677 3611 pro
692 3535 762 3590 ecto
791 3524 893 3590 omnis
919 3523 1044 3590 invidia
1063 3525 1171 3612 prola·
1246 3517 1247 3570 l
