<?xml version="1.0" encoding="UTF-8"?>
<!DOCTYPE html PUBLIC "-//W3C//DTD XHTML 1.0 Transitional//EN"
    "http://www.w3.org/TR/xhtml1/DTD/xhtml1-transitional.dtd">
<html xmlns="http://www.w3.org/1999/xhtml" xml:lang="en" lang="en">
 <head>
  <title>
</title>
<meta http-equiv="Content-Type" content="text/html;charset=utf-8" />
  <meta name='ocr-system' content='tesseract 3.04.00' />
  <meta name='ocr-capabilities' content='ocr_page ocr_carea ocr_par ocr_line ocrx_word'/>
</head>
<body>
  <div class='ocr_page' id='page_1' title='image "./catilinaiugurth00linkgoog_0122.png"; bbox 0 0 2520 3966; ppageno 0'>
   <div class='ocr_carea' id='block_1_1' title="bbox 403 245 1077 320">
    <p class='ocr_par' dir='ltr' id='par_1_1' title="bbox 403 245 1077 320">
     <span class='ocr_line' id='line_1_1' title="bbox 403 245 1077 320; baseline 0.009 -6"><span class='ocrx_word' id='word_1_1' title='bbox 403 245 633 314; x_wconf 78' lang='lat' dir='ltr'><strong>IVGURTHA</strong></span> <span class='ocrx_word' id='word_1_2' title='bbox 656 245 785 312; x_wconf 79' lang='lat'>63-64</span> <span class='ocrx_word' id='word_1_3' title='bbox 882 247 884 251; x_wconf 73' lang='grc'>’</span> <span class='ocrx_word' id='word_1_4' title='bbox 1033 251 1077 320; x_wconf 72' lang='lat'>98</span> 
     </span>
    </p>
   </div>
   <div class='ocr_carea' id='block_1_2' title="bbox 63 412 1259 3611">
    <p class='ocr_par' dir='ltr' id='par_1_2' title="bbox 63 412 1259 3611">
     <span class='ocr_line' id='line_1_2' title="bbox 116 412 1077 511; baseline 0 -21"><span class='ocrx_word' id='word_1_5' title='bbox 116 431 214 490; x_wconf 71' lang='lat' dir='ltr'>antea</span> <span class='ocrx_word' id='word_1_6' title='bbox 236 419 420 488; x_wconf 79' lang='lat' dir='ltr'>consulatus</span> <span class='ocrx_word' id='word_1_7' title='bbox 441 414 558 506; x_wconf 86' lang='lat' dir='ltr'>ingens</span> <span class='ocrx_word' id='word_1_8' title='bbox 581 412 698 504; x_wconf 87' lang='lat' dir='ltr'>eupido</span> <span class='ocrx_word' id='word_1_9' title='bbox 717 417 908 506; x_wconf 75' lang='lat' dir='ltr'><strong>exagitabat,</strong></span> <span class='ocrx_word' id='word_1_10' title='bbox 925 423 968 488; x_wconf 89' lang='lat' dir='ltr'>ad</span> <span class='ocrx_word' id='word_1_11' title='bbox 982 445 1077 511; x_wconf 89' lang='lat' dir='ltr'>quem</span> 
     </span>
     <span class='ocr_line' id='line_1_3' title="bbox 118 506 1078 595; baseline 0 -19"><span class='ocrx_word' id='word_1_12' title='bbox 118 507 312 595; x_wconf 80' lang='lat' dir='ltr'><strong>capiundum</strong></span> <span class='ocrx_word' id='word_1_13' title='bbox 334 514 462 593; x_wconf 86' lang='lat' dir='ltr'>praeter</span> <span class='ocrx_word' id='word_1_14' title='bbox 490 514 683 570; x_wconf 88' lang='lat' dir='ltr'>vetustatem</span> <span class='ocrx_word' id='word_1_15' title='bbox 713 506 857 572; x_wconf 88' lang='lat' dir='ltr'>familiae</span> <span class='ocrx_word' id='word_1_16' title='bbox 879 508 943 574; x_wconf 86' lang='lat' dir='ltr'>alia</span> <span class='ocrx_word' id='word_1_17' title='bbox 970 512 1078 576; x_wconf 85' lang='lat' dir='ltr'>omnia</span> 
     </span>
     <span class='ocr_line' id='line_1_4' title="bbox 117 590 1078 681; baseline 0.001 -21"><span class='ocrx_word' id='word_1_18' title='bbox 117 593 246 660; x_wconf 86' lang='lat' dir='ltr'>abunde</span> <span class='ocrx_word' id='word_1_19' title='bbox 279 601 387 676; x_wconf 83' lang='lat' dir='ltr'>erant,</span> <span class='ocrx_word' id='word_1_20' title='bbox 417 591 576 656; x_wconf 86' lang='lat' dir='ltr'>industria</span> <span class='ocrx_word' id='word_1_21' title='bbox 601 590 765 678; x_wconf 73' lang='lat' dir='ltr'>probitas,</span> <span class='ocrx_word' id='word_1_22' title='bbox 802 593 933 660; x_wconf 87' lang='lat' dir='ltr'>militiae</span> <span class='ocrx_word' id='word_1_23' title='bbox 962 618 1078 681; x_wconf 88' lang='lat' dir='ltr'>magna</span> 
     </span>
     <span class='ocr_line' id='line_1_5' title="bbox 118 676 1076 765; baseline -0.002 -17"><span class='ocrx_word' id='word_1_24' title='bbox 118 681 254 748; x_wconf 79' lang='lat' dir='ltr'>seientia</span> <span class='ocrx_word' id='word_1_25' title='bbox 275 679 403 744; x_wconf 83' lang='lat' dir='ltr'>enimus</span> <span class='ocrx_word' id='word_1_26' title='bbox 425 676 504 744; x_wconf 89' lang='lat' dir='ltr'>belli</span> <span class='ocrx_word' id='word_1_27' title='bbox 533 680 665 764; x_wconf 81' lang='lat' dir='ltr'>ingens3</span> <span class='ocrx_word' id='word_1_28' title='bbox 697 678 782 744; x_wconf 91' lang='lat' dir='ltr'>domi</span> <span class='ocrx_word' id='word_1_29' title='bbox 805 679 965 765; x_wconf 77' lang='lat' dir='ltr'>modicus,</span> <span class='ocrx_word' id='word_1_30' title='bbox 996 680 1076 746; x_wconf 90' lang='lat' dir='ltr'>lubi-</span> 
     </span>
     <span class='ocr_line' id='line_1_6' title="bbox 75 765 1076 853; baseline -0.004 -17"><span class='ocrx_word' id='word_1_31' title='bbox 75 787 94 836; x_wconf 74' lang='lat' dir='ltr'>o</span> <span class='ocrx_word' id='word_1_32' title='bbox 118 767 202 834; x_wconf 85' lang='lat' dir='ltr'>dinis</span> <span class='ocrx_word' id='word_1_33' title='bbox 218 774 250 830; x_wconf 90' lang='lat' dir='ltr'>et</span> <span class='ocrx_word' id='word_1_34' title='bbox 265 765 448 832; x_wconf 85' lang='lat' dir='ltr'>divitiarum</span> <span class='ocrx_word' id='word_1_35' title='bbox 458 765 571 848; x_wconf 87' lang='lat' dir='ltr'>vietor,</span> <span class='ocrx_word' id='word_1_36' title='bbox 583 765 804 832; x_wconf 80' lang='lat' dir='ltr'>tantummodo</span> <span class='ocrx_word' id='word_1_37' title='bbox 816 766 938 853; x_wconf 87' lang='lat' dir='ltr'>gloriae</span> <span class='ocrx_word' id='word_1_38' title='bbox 954 767 1076 832; x_wconf 81' lang='lat' dir='ltr'>avidus.</span> 
     </span>
     <span class='ocr_line' id='line_1_7' title="bbox 126 851 1111 939; baseline 0.003 -21"><span class='ocrx_word' id='word_1_39' title='bbox 126 885 131 906; x_wconf 72' lang='grc' dir='ltr'><strong>ι</strong></span> <span class='ocrx_word' id='word_1_40' title='bbox 184 851 299 920; x_wconf 86' lang='lat' dir='ltr'>Sedis</span> <span class='ocrx_word' id='word_1_41' title='bbox 320 859 415 918; x_wconf 87' lang='lat' dir='ltr'>natus</span> <span class='ocrx_word' id='word_1_42' title='bbox 438 858 470 916; x_wconf 89' lang='lat' dir='ltr'>et</span> <span class='ocrx_word' id='word_1_43' title='bbox 500 873 628 918; x_wconf 89' lang='lat' dir='ltr'>omnem</span> <span class='ocrx_word' id='word_1_44' title='bbox 656 852 827 937; x_wconf 85' lang='lat' dir='ltr'>pueritiam</span> <span class='ocrx_word' id='word_1_45' title='bbox 849 852 963 939; x_wconf 87' lang='lat' dir='ltr'>Arpini</span> <span class='ocrx_word' id='word_1_46' title='bbox 984 852 1075 938; x_wconf 86' lang='lat' dir='ltr'>altus,</span> <span class='ocrx_word' id='word_1_47' title='bbox 1094 870 1111 922; x_wconf 79' lang='lat' dir='ltr'>a</span> 
     </span>
     <span class='ocr_line' id='line_1_8' title="bbox 119 936 1076 1024; baseline 0 -20"><span class='ocrx_word' id='word_1_48' title='bbox 119 937 175 1006; x_wconf 90' lang='lat' dir='ltr'>ubi</span> <span class='ocrx_word' id='word_1_49' title='bbox 204 939 342 1024; x_wconf 90' lang='lat' dir='ltr'>primum</span> <span class='ocrx_word' id='word_1_50' title='bbox 372 945 460 1002; x_wconf 86' lang='lat' dir='ltr'>aetas</span> <span class='ocrx_word' id='word_1_51' title='bbox 489 936 621 1002; x_wconf 86' lang='lat' dir='ltr'>militiae</span> <span class='ocrx_word' id='word_1_52' title='bbox 673 938 776 1002; x_wconf 84' lang='lat' dir='ltr'>etiens</span> <span class='ocrx_word' id='word_1_53' title='bbox 804 938 880 1021; x_wconf 85' lang='lat' dir='ltr'>fuit,</span> <span class='ocrx_word' id='word_1_54' title='bbox 910 938 1076 1024; x_wconf 77' lang='lat' dir='ltr'>stipendiis</span> 
     </span>
     <span class='ocr_line' id='line_1_9' title="bbox 119 1021 1076 1111; baseline 0 -21"><span class='ocrx_word' id='word_1_55' title='bbox 119 1023 294 1108; x_wconf 76' lang='lat' dir='ltr'>faciundis,</span> <span class='ocrx_word' id='word_1_56' title='bbox 310 1046 375 1089; x_wconf 91' lang='lat' dir='ltr'>non</span> <span class='ocrx_word' id='word_1_57' title='bbox 391 1021 520 1088; x_wconf 80' lang='lat' dir='ltr'>Graeca</span> <span class='ocrx_word' id='word_1_58' title='bbox 539 1022 638 1088; x_wconf 80' lang='lat' dir='ltr'>iacun</span> <span class='ocrx_word' id='word_1_59' title='bbox 662 1024 692 1088; x_wconf 84' lang='lat' dir='ltr'>‘a</span> <span class='ocrx_word' id='word_1_60' title='bbox 713 1043 819 1111; x_wconf 86' lang='lat' dir='ltr'>neque</span> <span class='ocrx_word' id='word_1_61' title='bbox 841 1023 973 1090; x_wconf 83' lang='lat' dir='ltr'>urbanis</span> <span class='ocrx_word' id='word_1_62' title='bbox 987 1046 1076 1090; x_wconf 90' lang='lat' dir='ltr'>mun·</span> 
     </span>
     <span class='ocr_line' id='line_1_10' title="bbox 119 1109 1076 1196; baseline 0 -20"><span class='ocrx_word' id='word_1_63' title='bbox 119 1111 208 1176; x_wconf 83' lang='lat' dir='ltr'>ditiis</span> <span class='ocrx_word' id='word_1_64' title='bbox 231 1132 303 1174; x_wconf 84' lang='lat' dir='ltr'>sese</span> <span class='ocrx_word' id='word_1_65' title='bbox 326 1110 487 1176; x_wconf 87' lang='lat' dir='ltr'>exerouit:</span> <span class='ocrx_word' id='word_1_66' title='bbox 518 1111 564 1174; x_wconf 85' lang='lat' dir='ltr'>ita</span> <span class='ocrx_word' id='word_1_67' title='bbox 585 1110 669 1174; x_wconf 85' lang='lat' dir='ltr'>inter</span> <span class='ocrx_word' id='word_1_68' title='bbox 692 1111 769 1174; x_wconf 85' lang='lat' dir='ltr'>artis</span> <span class='ocrx_word' id='word_1_69' title='bbox 791 1109 893 1178; x_wconf 85' lang='lat' dir='ltr'>bonas</span> <span class='ocrx_word' id='word_1_70' title='bbox 915 1112 1076 1196; x_wconf 86' lang='lat' dir='ltr'>integrum</span> 
     </span>
     <span class='ocr_line' id='line_1_11' title="bbox 63 1194 1112 1283; baseline 0.006 -27"><span class='ocrx_word' id='word_1_71' title='bbox 63 1205 99 1256; x_wconf 83' lang='lat' dir='ltr'>to</span> <span class='ocrx_word' id='word_1_72' title='bbox 117 1197 283 1283; x_wconf 84' lang='lat' dir='ltr'>ingenium</span> <span class='ocrx_word' id='word_1_73' title='bbox 304 1194 397 1260; x_wconf 85' lang='lat' dir='ltr'>brevi</span> <span class='ocrx_word' id='word_1_74' title='bbox 428 1194 579 1260; x_wconf 89' lang='lat' dir='ltr'>adolevit.</span> <span class='ocrx_word' id='word_1_75' title='bbox 608 1194 697 1280; x_wconf 84' lang='lat' dir='ltr'>Ergo</span> <span class='ocrx_word' id='word_1_76' title='bbox 725 1194 782 1263; x_wconf 92' lang='lat' dir='ltr'>ubi</span> <span class='ocrx_word' id='word_1_77' title='bbox 810 1197 948 1282; x_wconf 91' lang='lat' dir='ltr'>primum</span> <span class='ocrx_word' id='word_1_78' title='bbox 977 1197 1112 1272; x_wconf 70' lang='lat' dir='ltr'>tribu-4</span> 
     </span>
     <span class='ocr_line' id='line_1_12' title="bbox 115 1280 1077 1368; baseline -0.004 -18"><span class='ocrx_word' id='word_1_79' title='bbox 115 1292 228 1350; x_wconf 85' lang='lat' dir='ltr'>natum</span> <span class='ocrx_word' id='word_1_80' title='bbox 260 1280 429 1346; x_wconf 84' lang='lat' dir='ltr'>militarem</span> <span class='ocrx_word' id='word_1_81' title='bbox 457 1303 476 1348; x_wconf 83' lang='lat' dir='ltr'>a</span> <span class='ocrx_word' id='word_1_82' title='bbox 503 1281 622 1366; x_wconf 92' lang='lat' dir='ltr'>populo</span> <span class='ocrx_word' id='word_1_83' title='bbox 649 1282 743 1366; x_wconf 86' lang='lat' dir='ltr'>petit,</span> <span class='ocrx_word' id='word_1_84' title='bbox 773 1281 935 1368; x_wconf 88' lang='lat' dir='ltr'>plerisque</span> <span class='ocrx_word' id='word_1_85' title='bbox 962 1282 1077 1350; x_wconf 85' lang='lat' dir='ltr'>faeiem</span> 
     </span>
     <span class='ocr_line' id='line_1_13' title="bbox 117 1365 1077 1454; baseline -0.005 -16"><span class='ocrx_word' id='word_1_86' title='bbox 117 1370 188 1438; x_wconf 82' lang='lat' dir='ltr'>eius</span> <span class='ocrx_word' id='word_1_87' title='bbox 210 1366 447 1453; x_wconf 76' lang='lat' dir='ltr'>ignorantibus,</span> <span class='ocrx_word' id='word_1_88' title='bbox 463 1365 559 1432; x_wconf 81' lang='lat' dir='ltr'>facile</span> <span class='ocrx_word' id='word_1_89' title='bbox 580 1375 675 1432; x_wconf 87' lang='lat' dir='ltr'>notus</span> <span class='ocrx_word' id='word_1_90' title='bbox 697 1389 757 1454; x_wconf 85' lang='lat' dir='ltr'>per</span> <span class='ocrx_word' id='word_1_91' title='bbox 779 1369 883 1432; x_wconf 87' lang='lat' dir='ltr'>omnis</span> <span class='ocrx_word' id='word_1_92' title='bbox 906 1367 1008 1433; x_wconf 86' lang='lat' dir='ltr'>tribus</span> <span class='ocrx_word' id='word_1_93' title='bbox 1024 1368 1077 1434; x_wconf 88' lang='lat' dir='ltr'>de·</span> 
     </span>
     <span class='ocr_line' id='line_1_14' title="bbox 117 1453 1111 1541; baseline 0 -21"><span class='ocrx_word' id='word_1_94' title='bbox 117 1455 268 1520; x_wconf 78' lang='lat' dir='ltr'>claretur.</span> <span class='ocrx_word' id='word_1_95' title='bbox 291 1453 418 1519; x_wconf 78' lang='lat' dir='ltr'>Deinde</span> <span class='ocrx_word' id='word_1_96' title='bbox 441 1453 482 1518; x_wconf 86' lang='lat' dir='ltr'>ab</span> <span class='ocrx_word' id='word_1_97' title='bbox 507 1474 544 1519; x_wconf 86' lang='lat' dir='ltr'>eo</span> <span class='ocrx_word' id='word_1_98' title='bbox 567 1453 757 1539; x_wconf 87' lang='lat' dir='ltr'>magistratu</span> <span class='ocrx_word' id='word_1_99' title='bbox 779 1453 878 1520; x_wconf 84' lang='lat' dir='ltr'>alium</span> <span class='ocrx_word' id='word_1_100' title='bbox 892 1461 965 1541; x_wconf 90' lang='lat' dir='ltr'>post</span> <span class='ocrx_word' id='word_1_101' title='bbox 978 1454 1111 1528; x_wconf 79' lang='lat' dir='ltr'>aliums</span> 
     </span>
     <span class='ocr_line' id='line_1_15' title="bbox 117 1539 1076 1626; baseline 0 -20"><span class='ocrx_word' id='word_1_102' title='bbox 117 1540 181 1606; x_wconf 86' lang='lat' dir='ltr'>sibi</span> <span class='ocrx_word' id='word_1_103' title='bbox 232 1541 347 1625; x_wconf 89' lang='lat' dir='ltr'>eperit,</span> <span class='ocrx_word' id='word_1_104' title='bbox 378 1561 571 1626; x_wconf 79' lang='lat' dir='ltr'>semperque</span> <span class='ocrx_word' id='word_1_105' title='bbox 610 1539 645 1604; x_wconf 89' lang='lat' dir='ltr'>in</span> <span class='ocrx_word' id='word_1_106' title='bbox 673 1539 884 1625; x_wconf 82' lang='lat' dir='ltr'>potestatrbus</span> <span class='ocrx_word' id='word_1_107' title='bbox 915 1562 953 1606; x_wconf 87' lang='lat' dir='ltr'>eo</span> <span class='ocrx_word' id='word_1_108' title='bbox 981 1541 1076 1606; x_wconf 93' lang='lat' dir='ltr'>modo</span> 
     </span>
     <span class='ocr_line' id='line_1_16' title="bbox 67 1563 1076 1778; baseline 0 -86"><span class='ocrx_word' id='word_1_109' title='bbox 67 1644 99 1699; x_wconf 76' lang='lat' dir='ltr'>ta</span> <span class='ocrx_word' id='word_1_110' title='bbox 119 1563 280 1712; x_wconf 75' lang='lat' dir='ltr'>agitabat,</span> <span class='ocrx_word' id='word_1_111' title='bbox 304 1635 339 1690; x_wconf 92' lang='lat' dir='ltr'>ut</span> <span class='ocrx_word' id='word_1_112' title='bbox 361 1625 523 1711; x_wconf 89' lang='lat' dir='ltr'>ampliore,</span> <span class='ocrx_word' id='word_1_113' title='bbox 546 1647 645 1778; x_wconf 62' lang='lat' dir='ltr'>guam</span> <span class='ocrx_word' id='word_1_114' title='bbox 667 1625 816 1712; x_wconf 82' lang='lat' dir='ltr'><strong>gerebat,</strong></span> <span class='ocrx_word' id='word_1_115' title='bbox 841 1625 957 1712; x_wconf 82' lang='lat' dir='ltr'>dignus</span> <span class='ocrx_word' id='word_1_116' title='bbox 978 1626 1076 1692; x_wconf 85' lang='lat' dir='ltr'>habe·</span> 
     </span>
     <span class='ocr_line' id='line_1_17' title="bbox 117 1711 1109 1784; baseline 0.003 -6"><span class='ocrx_word' id='word_1_117' title='bbox 117 1721 216 1778; x_wconf 87' lang='lat' dir='ltr'>retur.</span> <span class='ocrx_word' id='word_1_118' title='bbox 254 1712 378 1776; x_wconf 81' lang='lat' dir='ltr'>Tamen</span> <span class='ocrx_word' id='word_1_119' title='bbox 404 1713 432 1776; x_wconf 87' lang='lat' dir='ltr'>is</span> <span class='ocrx_word' id='word_1_120' title='bbox 461 1711 503 1776; x_wconf 84' lang='lat' dir='ltr'>ad</span> <span class='ocrx_word' id='word_1_121' title='bbox 532 1713 544 1776; x_wconf 94' lang='lat' dir='ltr'>i</span> <span class='ocrx_word' id='word_1_122' title='bbox 593 1711 737 1778; x_wconf 80' lang='lat' dir='ltr'>locorum</span> <span class='ocrx_word' id='word_1_123' title='bbox 767 1711 841 1778; x_wconf 81' lang='lat' dir='ltr'>telis</span> <span class='ocrx_word' id='word_1_124' title='bbox 862 1715 913 1778; x_wconf 82' lang='lat' dir='ltr'>vir</span> <span class='ocrx_word' id='word_1_125' title='bbox 935 1750 978 1762; x_wconf 81' lang='lat'>—-</span> <span class='ocrx_word' id='word_1_126' title='bbox 999 1734 1109 1784; x_wconf 77' lang='lat' dir='ltr'>name</span> 
     </span>
     <span class='ocr_line' id='line_1_18' title="bbox 117 1797 1076 1970; baseline 0.001 -21"><span class='ocrx_word' id='word_1_127' title='bbox 117 1797 565 1951; x_wconf 50' lang='lat' dir='ltr'>tttttmtttttttoe</span> <span class='ocrx_word' id='word_1_128' title='bbox 589 1797 852 1950; x_wconf 58' lang='lat' dir='ltr'>ttttte</span> <span class='ocrx_word' id='word_1_129' title='bbox 869 1798 1076 1970; x_wconf 51' lang='lat' dir='ltr'>ibiibi</span> 
     </span>
     <span class='ocr_line' id='line_1_19' title="bbox 141 1968 1243 2056; baseline 0.002 -22"><span class='ocrx_word' id='word_1_130' title='bbox 141 1968 173 2036; x_wconf 89' lang='lat' dir='ltr'>le</span> <span class='ocrx_word' id='word_1_131' title='bbox 198 1992 242 2054; x_wconf 88' lang='lat' dir='ltr'>es,</span> <span class='ocrx_word' id='word_1_132' title='bbox 259 1968 460 2036; x_wconf 79' lang='lat' dir='ltr'>consulatum</span> <span class='ocrx_word' id='word_1_133' title='bbox 481 1968 632 2035; x_wconf 82' lang='lat' dir='ltr'>nobilitas</span> <span class='ocrx_word' id='word_1_134' title='bbox 654 1970 740 2036; x_wconf 85' lang='lat' dir='ltr'>inter</span> <span class='ocrx_word' id='word_1_135' title='bbox 761 1991 870 2056; x_wconf 89' lang='lat' dir='ltr'>seper</span> <span class='ocrx_word' id='word_1_136' title='bbox 885 1993 998 2035; x_wconf 89' lang='lat' dir='ltr'>manus</span> <span class='ocrx_word' id='word_1_137' title='bbox 1013 1980 1078 2036; x_wconf 86' lang='lat' dir='ltr'>tra·</span> <span class='ocrx_word' id='word_1_138' title='bbox 1239 2013 1243 2054; x_wconf 86' lang='lat'>:</span> 
     </span>
     <span class='ocr_line' id='line_1_20' title="bbox 63 1991 1111 2143; baseline 0.003 -23"><span class='ocrx_word' id='word_1_139' title='bbox 63 2061 100 2112; x_wconf 86' lang='lat'>2⁰</span> <span class='ocrx_word' id='word_1_140' title='bbox 118 1991 234 2121; x_wconf 61' lang='lat' dir='ltr'>debat:</span> <span class='ocrx_word' id='word_1_141' title='bbox 257 2078 360 2122; x_wconf 82' lang='lat' dir='ltr'>novus</span> <span class='ocrx_word' id='word_1_142' title='bbox 382 2077 477 2122; x_wconf 88' lang='lat' dir='ltr'>nemo</span> <span class='ocrx_word' id='word_1_143' title='bbox 501 2063 567 2120; x_wconf 89' lang='lat' dir='ltr'>tam</span> <span class='ocrx_word' id='word_1_144' title='bbox 596 2054 701 2120; x_wconf 79' lang='lat' dir='ltr'>clarus</span> <span class='ocrx_word' id='word_1_145' title='bbox 723 2078 765 2120; x_wconf 90' lang='lat' dir='ltr'>ne</span> <span class='ocrx_word' id='word_1_146' title='bbox 787 2078 828 2122; x_wconf 93' lang='lat' dir='ltr'>ue</span> <span class='ocrx_word' id='word_1_147' title='bbox 850 2063 916 2122; x_wconf 83' lang='lat' dir='ltr'>tam</span> <span class='ocrx_word' id='word_1_148' title='bbox 939 2058 1077 2143; x_wconf 85' lang='lat' dir='ltr'>egregiis</span> <span class='ocrx_word' id='word_1_149' title='bbox 1096 2083 1111 2132; x_wconf 80' lang='lat' dir='ltr'>t</span> 
     </span>
     <span class='ocr_line' id='line_1_21' title="bbox 118 2140 1079 2230; baseline 0.002 -24"><span class='ocrx_word' id='word_1_150' title='bbox 118 2141 211 2207; x_wconf 84' lang='lat' dir='ltr'>saetis</span> <span class='ocrx_word' id='word_1_151' title='bbox 234 2150 319 2226; x_wconf 85' lang='lat' dir='ltr'>erat,</span> <span class='ocrx_word' id='word_1_152' title='bbox 349 2143 426 2230; x_wconf 86' lang='lat' dir='ltr'>quin</span> <span class='ocrx_word' id='word_1_153' title='bbox 455 2143 484 2208; x_wconf 88' lang='lat' dir='ltr'>is</span> <span class='ocrx_word' id='word_1_154' title='bbox 514 2140 668 2228; x_wconf 88' lang='lat' dir='ltr'>indignus</span> <span class='ocrx_word' id='word_1_155' title='bbox 697 2141 753 2208; x_wconf 92' lang='lat' dir='ltr'>illo</span> <span class='ocrx_word' id='word_1_156' title='bbox 805 2163 903 2208; x_wconf 87' lang='lat' dir='ltr'>onore</span> <span class='ocrx_word' id='word_1_157' title='bbox 932 2151 964 2208; x_wconf 87' lang='lat' dir='ltr'>et</span> <span class='ocrx_word' id='word_1_158' title='bbox 987 2144 1079 2230; x_wconf 86' lang='lat' dir='ltr'>quasi</span> 
     </span>
     <span class='ocr_line' id='line_1_22' title="bbox 118 2227 1258 2314; baseline 0 -18"><span class='ocrx_word' id='word_1_159' title='bbox 118 2227 258 2314; x_wconf 87' lang='lat' dir='ltr'>pollutus</span> <span class='ocrx_word' id='word_1_160' title='bbox 280 2227 462 2297; x_wconf 82' lang='lat' dir='ltr'>haberetur.</span> <span class='ocrx_word' id='word_1_161' title='bbox 1239 2248 1258 2307; x_wconf 76' lang='lat'>31</span> 
     </span>
     <span class='ocr_line' id='line_1_23' title="bbox 183 2311 1259 2400; baseline 0.002 -22"><span class='ocrx_word' id='word_1_162' title='bbox 183 2314 285 2400; x_wconf 83' lang='lat' dir='ltr'>Igitur</span> <span class='ocrx_word' id='word_1_163' title='bbox 306 2313 363 2379; x_wconf 88' lang='lat' dir='ltr'>ubi</span> <span class='ocrx_word' id='word_1_164' title='bbox 383 2314 506 2380; x_wconf 88' lang='lat' dir='ltr'>Marius</span> <span class='ocrx_word' id='word_1_165' title='bbox 529 2314 685 2399; x_wconf 82' lang='lat' dir='ltr'>aruspicis</span> <span class='ocrx_word' id='word_1_166' title='bbox 718 2311 804 2380; x_wconf 85' lang='lat' dir='ltr'>diota</span> <span class='ocrx_word' id='word_1_167' title='bbox 831 2319 943 2388; x_wconf 82' lang='lat' dir='ltr'>eodem</span> <span class='ocrx_word' id='word_1_168' title='bbox 971 2315 1125 2381; x_wconf 70' lang='lat' dir='ltr'>interr-ta</span> <span class='ocrx_word' id='word_1_169' title='bbox 1238 2318 1259 2391; x_wconf 50' lang='grc' dir='ltr'>ζμ·</span> 
     </span>
     <span class='ocr_line' id='line_1_24' title="bbox 119 2399 1254 2488; baseline 0.001 -22"><span class='ocrx_word' id='word_1_170' title='bbox 119 2399 198 2466; x_wconf 90' lang='lat' dir='ltr'>dere</span> <span class='ocrx_word' id='word_1_171' title='bbox 219 2401 322 2482; x_wconf 85' lang='lat' dir='ltr'>videt,</span> <span class='ocrx_word' id='word_1_172' title='bbox 339 2423 401 2488; x_wconf 90' lang='lat' dir='ltr'>quo</span> <span class='ocrx_word' id='word_1_173' title='bbox 417 2399 533 2486; x_wconf 81' lang='lat' dir='ltr'>cupido</span> <span class='ocrx_word' id='word_1_174' title='bbox 549 2401 647 2464; x_wconf 79' lang='lat' dir='ltr'>enimi</span> <span class='ocrx_word' id='word_1_175' title='bbox 659 2399 858 2485; x_wconf 86' lang='lat' dir='ltr'>hortabatur,</span> <span class='ocrx_word' id='word_1_176' title='bbox 890 2400 931 2466; x_wconf 90' lang='lat' dir='ltr'>ab</span> <span class='ocrx_word' id='word_1_177' title='bbox 946 2399 1077 2467; x_wconf 84' lang='lat' dir='ltr'>Metello</span> <span class='ocrx_word' id='word_1_178' title='bbox 1238 2425 1254 2454; x_wconf 63' lang='lat' dir='ltr'>:r</span> 
     </span>
     <span class='ocr_line' id='line_1_25' title="bbox 68 2485 1076 2574; baseline -0.003 -19"><span class='ocrx_word' id='word_1_179' title='bbox 68 2486 256 2573; x_wconf 72' lang='lat' dir='ltr'>repetundi</span> <span class='ocrx_word' id='word_1_180' title='bbox 288 2488 391 2571; x_wconf 86' lang='lat' dir='ltr'>gratia</span> <span class='ocrx_word' id='word_1_181' title='bbox 420 2486 604 2552; x_wconf 82' lang='lat' dir='ltr'>missionem</span> <span class='ocrx_word' id='word_1_182' title='bbox 637 2494 740 2574; x_wconf 79' lang='lat' dir='ltr'>rogat.</span> <span class='ocrx_word' id='word_1_183' title='bbox 795 2485 856 2552; x_wconf 78' lang='lat' dir='ltr'>Oui</span> <span class='ocrx_word' id='word_1_184' title='bbox 886 2509 981 2574; x_wconf 84' lang='lat' dir='ltr'>quam</span> <span class='ocrx_word' id='word_1_185' title='bbox 1003 2510 1076 2556; x_wconf 89' lang='lat' dir='ltr'>uam</span> 
     </span>
     <span class='ocr_line' id='line_1_26' title="bbox 122 2511 1076 2660; baseline 0.001 -20"><span class='ocrx_word' id='word_1_186' title='bbox 122 2575 240 2656; x_wconf 87' lang='lat' dir='ltr'>virtus,</span> <span class='ocrx_word' id='word_1_187' title='bbox 263 2571 365 2658; x_wconf 87' lang='lat' dir='ltr'>gloria</span> <span class='ocrx_word' id='word_1_188' title='bbox 387 2582 484 2660; x_wconf 86' lang='lat' dir='ltr'>atque</span> <span class='ocrx_word' id='word_1_189' title='bbox 507 2571 570 2638; x_wconf 85' lang='lat' dir='ltr'>alia</span> <span class='ocrx_word' id='word_1_190' title='bbox 591 2573 732 2660; x_wconf 85' lang='lat' dir='ltr'>optanda</span> <span class='ocrx_word' id='word_1_191' title='bbox 753 2571 847 2642; x_wconf 89' lang='lat' dir='ltr'>bonis</span> <span class='ocrx_word' id='word_1_192' title='bbox 869 2511 1076 2660; x_wconf 76' lang='lat' dir='ltr'>superabant,</span> 
     </span>
     <span class='ocr_line' id='line_1_27' title="bbox 121 2658 1248 2746; baseline 0.004 -22"><span class='ocrx_word' id='word_1_193' title='bbox 121 2669 230 2726; x_wconf 82' lang='lat' dir='ltr'>tumen</span> <span class='ocrx_word' id='word_1_194' title='bbox 251 2659 355 2724; x_wconf 88' lang='lat' dir='ltr'>inerat</span> <span class='ocrx_word' id='word_1_195' title='bbox 376 2667 575 2745; x_wconf 86' lang='lat' dir='ltr'>contemptor</span> <span class='ocrx_word' id='word_1_196' title='bbox 597 2661 723 2726; x_wconf 81' lang='lat' dir='ltr'>animus</span> <span class='ocrx_word' id='word_1_197' title='bbox 746 2666 778 2726; x_wconf 89' lang='lat' dir='ltr'>et</span> <span class='ocrx_word' id='word_1_198' title='bbox 801 2658 970 2746; x_wconf 88' lang='lat' dir='ltr'>superbia,</span> <span class='ocrx_word' id='word_1_199' title='bbox 993 2682 1076 2725; x_wconf 87' lang='lat' dir='ltr'>eom·</span> <span class='ocrx_word' id='word_1_200' title='bbox 1244 2723 1248 2729; x_wconf 27' lang='lat' dir='ltr'>ff</span> 
     </span>
     <span class='ocr_line' id='line_1_28' title="bbox 119 2743 1258 2832; baseline 0.001 -21"><span class='ocrx_word' id='word_1_201' title='bbox 119 2767 217 2812; x_wconf 90' lang='lat' dir='ltr'>mune</span> <span class='ocrx_word' id='word_1_202' title='bbox 238 2743 412 2810; x_wconf 85' lang='lat' dir='ltr'>nobilitatis</span> <span class='ocrx_word' id='word_1_203' title='bbox 441 2744 569 2812; x_wconf 82' lang='lat' dir='ltr'>malum.</span> <span class='ocrx_word' id='word_1_204' title='bbox 604 2745 716 2832; x_wconf 88' lang='lat' dir='ltr'>Iteque</span> <span class='ocrx_word' id='word_1_205' title='bbox 745 2755 921 2812; x_wconf 80' lang='lat' dir='ltr'>commotus</span> <span class='ocrx_word' id='word_1_206' title='bbox 950 2745 1110 2812; x_wconf 75' lang='lat' dir='ltr'>insolitat</span> <span class='ocrx_word' id='word_1_207' title='bbox 1236 2747 1258 2830; x_wconf 69' lang='lat' dir='ltr'>[j</span> 
     </span>
     <span class='ocr_line' id='line_1_29' title="bbox 119 2831 1256 2918; baseline -0.002 -20"><span class='ocrx_word' id='word_1_208' title='bbox 119 2855 155 2898; x_wconf 89' lang='lat' dir='ltr'>re</span> <span class='ocrx_word' id='word_1_209' title='bbox 178 2831 287 2896; x_wconf 88' lang='lat' dir='ltr'>mirari</span> <span class='ocrx_word' id='word_1_210' title='bbox 308 2831 412 2917; x_wconf 90' lang='lat' dir='ltr'>primo</span> <span class='ocrx_word' id='word_1_211' title='bbox 436 2832 504 2896; x_wconf 88' lang='lat' dir='ltr'>eius</span> <span class='ocrx_word' id='word_1_212' title='bbox 534 2831 711 2916; x_wconf 87' lang='lat' dir='ltr'>eonsilium,</span> <span class='ocrx_word' id='word_1_213' title='bbox 747 2840 779 2898; x_wconf 87' lang='lat' dir='ltr'>at</span> <span class='ocrx_word' id='word_1_214' title='bbox 802 2833 893 2918; x_wconf 88' lang='lat' dir='ltr'>quasi</span> <span class='ocrx_word' id='word_1_215' title='bbox 921 2853 979 2917; x_wconf 89' lang='lat' dir='ltr'>per</span> <span class='ocrx_word' id='word_1_216' title='bbox 1001 2832 1077 2896; x_wconf 86' lang='lat' dir='ltr'>ami-</span> <span class='ocrx_word' id='word_1_217' title='bbox 1252 2855 1256 2866; x_wconf 72' lang='grc'>’</span> 
     </span>
     <span class='ocr_line' id='line_1_30' title="bbox 67 2919 1076 3004; baseline -0.003 -20"><span class='ocrx_word' id='word_1_218' title='bbox 67 2933 100 2984; x_wconf 80' lang='lat' dir='ltr'>ao</span> <span class='ocrx_word' id='word_1_219' title='bbox 121 2919 228 2984; x_wconf 83' lang='lat' dir='ltr'>citiam</span> <span class='ocrx_word' id='word_1_220' title='bbox 249 2938 397 3000; x_wconf 90' lang='lat' dir='ltr'>monere,</span> <span class='ocrx_word' id='word_1_221' title='bbox 428 2939 470 2982; x_wconf 91' lang='lat' dir='ltr'>ne</span> <span class='ocrx_word' id='word_1_222' title='bbox 500 2926 565 2982; x_wconf 85' lang='lat' dir='ltr'>tam</span> <span class='ocrx_word' id='word_1_223' title='bbox 586 2940 688 3004; x_wconf 88' lang='lat' dir='ltr'>prava</span> <span class='ocrx_word' id='word_1_224' title='bbox 709 2919 867 3003; x_wconf 80' lang='lat' dir='ltr'>inciperet</span> <span class='ocrx_word' id='word_1_225' title='bbox 888 2940 953 2984; x_wconf 90' lang='lat' dir='ltr'>neu</span> <span class='ocrx_word' id='word_1_226' title='bbox 979 2939 1076 3003; x_wconf 89' lang='lat' dir='ltr'>super</span> 
     </span>
     <span class='ocr_line' id='line_1_31' title="bbox 119 3001 1076 3089; baseline -0.001 -21"><span class='ocrx_word' id='word_1_227' title='bbox 119 3003 280 3071; x_wconf 82' lang='lat' dir='ltr'>fortunam</span> <span class='ocrx_word' id='word_1_228' title='bbox 303 3001 445 3071; x_wconf 86' lang='lat' dir='ltr'>animum</span> <span class='ocrx_word' id='word_1_229' title='bbox 466 3012 611 3089; x_wconf 84' lang='lat' dir='ltr'>gereret:</span> <span class='ocrx_word' id='word_1_230' title='bbox 639 3026 704 3068; x_wconf 91' lang='lat' dir='ltr'>non</span> <span class='ocrx_word' id='word_1_231' title='bbox 726 3005 832 3072; x_wconf 88' lang='lat' dir='ltr'>omnia</span> <span class='ocrx_word' id='word_1_232' title='bbox 854 3002 1000 3070; x_wconf 88' lang='lat' dir='ltr'>omnibus</span> <span class='ocrx_word' id='word_1_233' title='bbox 1023 3026 1076 3067; x_wconf 86' lang='lat' dir='ltr'>eu·</span> 
     </span>
     <span class='ocr_line' id='line_1_32' title="bbox 119 3088 1076 3177; baseline -0.001 -22"><span class='ocrx_word' id='word_1_234' title='bbox 119 3089 242 3177; x_wconf 84' lang='lat' dir='ltr'>pianda</span> <span class='ocrx_word' id='word_1_235' title='bbox 265 3110 346 3172; x_wconf 86' lang='lat' dir='ltr'>esse,</span> <span class='ocrx_word' id='word_1_236' title='bbox 371 3088 490 3154; x_wconf 88' lang='lat' dir='ltr'>debere</span> <span class='ocrx_word' id='word_1_237' title='bbox 512 3089 559 3154; x_wconf 89' lang='lat' dir='ltr'>illi</span> <span class='ocrx_word' id='word_1_238' title='bbox 580 3112 633 3156; x_wconf 86' lang='lat' dir='ltr'>res</span> <span class='ocrx_word' id='word_1_239' title='bbox 650 3111 724 3156; x_wconf 85' lang='lat' dir='ltr'>suas</span> <span class='ocrx_word' id='word_1_240' title='bbox 742 3091 819 3156; x_wconf 87' lang='lat' dir='ltr'>satis</span> <span class='ocrx_word' id='word_1_241' title='bbox 834 3089 979 3175; x_wconf 83' lang='lat' dir='ltr'>plaeere:</span> <span class='ocrx_word' id='word_1_242' title='bbox 1003 3111 1076 3175; x_wconf 91' lang='lat' dir='ltr'>pos·</span> 
     </span>
     <span class='ocr_line' id='line_1_33' title="bbox 120 3173 1076 3262; baseline -0.002 -20"><span class='ocrx_word' id='word_1_243' title='bbox 120 3187 225 3242; x_wconf 84' lang='lat' dir='ltr'>tremo</span> <span class='ocrx_word' id='word_1_244' title='bbox 248 3182 377 3240; x_wconf 83' lang='lat' dir='ltr'>caveret</span> <span class='ocrx_word' id='word_1_245' title='bbox 390 3173 424 3240; x_wconf 89' lang='lat' dir='ltr'>id</span> <span class='ocrx_word' id='word_1_246' title='bbox 438 3183 548 3260; x_wconf 88' lang='lat' dir='ltr'>petere</span> <span class='ocrx_word' id='word_1_247' title='bbox 571 3175 722 3262; x_wconf 88' lang='lat' dir='ltr'>apopulo</span> <span class='ocrx_word' id='word_1_248' title='bbox 743 3175 896 3258; x_wconf 86' lang='lat' dir='ltr'>Romano,</span> <span class='ocrx_word' id='word_1_249' title='bbox 942 3175 1008 3241; x_wconf 92' lang='lat' dir='ltr'>uod</span> <span class='ocrx_word' id='word_1_250' title='bbox 1028 3173 1076 3240; x_wconf 84' lang='lat' dir='ltr'>ini</span> 
     </span>
     <span class='ocr_line' id='line_1_34' title="bbox 120 3198 1108 3348; baseline -0.003 -20"><span class='ocrx_word' id='word_1_251' title='bbox 120 3264 193 3328; x_wconf 88' lang='lat' dir='ltr'>iure</span> <span class='ocrx_word' id='word_1_252' title='bbox 206 3269 391 3347; x_wconf 82' lang='lat' dir='ltr'>negaretur.</span> <span class='ocrx_word' id='word_1_253' title='bbox 415 3261 494 3327; x_wconf 88' lang='lat' dir='ltr'>Post</span> <span class='ocrx_word' id='word_1_254' title='bbox 515 3285 589 3328; x_wconf 84' lang='lat' dir='ltr'>uam</span> <span class='ocrx_word' id='word_1_255' title='bbox 608 3263 689 3328; x_wconf 87' lang='lat' dir='ltr'>haee</span> <span class='ocrx_word' id='word_1_256' title='bbox 704 3271 798 3348; x_wconf 84' lang='lat' dir='ltr'>atque</span> <span class='ocrx_word' id='word_1_257' title='bbox 814 3260 877 3326; x_wconf 91' lang='lat' dir='ltr'>alia</span> <span class='ocrx_word' id='word_1_258' title='bbox 892 3198 968 3326; x_wconf 77' lang='lat' dir='ltr'>taiie</span> <span class='ocrx_word' id='word_1_259' title='bbox 982 3261 1074 3344; x_wconf 82' lang='lat' dir='ltr'>dixit,</span> <span class='ocrx_word' id='word_1_260' title='bbox 1092 3283 1108 3334; x_wconf 68' lang='lat' dir='ltr'>s</span> 
     </span>
     <span class='ocr_line' id='line_1_35' title="bbox 70 3285 1077 3436; baseline -0.003 -18"><span class='ocrx_word' id='word_1_261' title='bbox 70 3369 102 3418; x_wconf 79' lang='lat' dir='ltr'>tt</span> <span class='ocrx_word' id='word_1_262' title='bbox 120 3369 227 3435; x_wconf 86' lang='lat' dir='ltr'>neque</span> <span class='ocrx_word' id='word_1_263' title='bbox 244 3349 367 3412; x_wconf 85' lang='lat' dir='ltr'>animus</span> <span class='ocrx_word' id='word_1_264' title='bbox 382 3347 466 3414; x_wconf 88' lang='lat' dir='ltr'>Mari</span> <span class='ocrx_word' id='word_1_265' title='bbox 487 3285 636 3431; x_wconf 64' lang='lat' dir='ltr'>libentur,</span> <span class='ocrx_word' id='word_1_266' title='bbox 658 3347 838 3436; x_wconf 83' lang='lat' dir='ltr'>respondit,</span> <span class='ocrx_word' id='word_1_267' title='bbox 862 3347 918 3416; x_wconf 93' lang='lat' dir='ltr'>ubi</span> <span class='ocrx_word' id='word_1_268' title='bbox 938 3349 1077 3435; x_wconf 89' lang='lat' dir='ltr'>primum</span> 
     </span>
     <span class='ocr_line' id='line_1_36' title="bbox 121 3434 1076 3522; baseline 0.002 -22"><span class='ocrx_word' id='word_1_269' title='bbox 121 3434 279 3521; x_wconf 84' lang='lat' dir='ltr'>potuisset</span> <span class='ocrx_word' id='word_1_270' title='bbox 307 3455 366 3522; x_wconf 90' lang='lat' dir='ltr'>per</span> <span class='ocrx_word' id='word_1_271' title='bbox 395 3435 524 3521; x_wconf 86' lang='lat' dir='ltr'>negotia</span> <span class='ocrx_word' id='word_1_272' title='bbox 552 3435 690 3522; x_wconf 85' lang='lat' dir='ltr'>publiea,</span> <span class='ocrx_word' id='word_1_273' title='bbox 721 3434 878 3500; x_wconf 70' lang='lat' dir='ltr'>fantinum</span> <span class='ocrx_word' id='word_1_274' title='bbox 900 3457 972 3500; x_wconf 89' lang='lat' dir='ltr'>sese</span> <span class='ocrx_word' id='word_1_275' title='bbox 995 3457 1076 3521; x_wconf 83' lang='lat' dir='ltr'>quaa</span> 
     </span>
     <span class='ocr_line' id='line_1_37' title="bbox 121 3519 1108 3611; baseline 0.003 -21"><span class='ocrx_word' id='word_1_276' title='bbox 121 3527 256 3608; x_wconf 80' lang='lat' dir='ltr'>pateret.</span> <span class='ocrx_word' id='word_1_277' title='bbox 278 3519 329 3588; x_wconf 82' lang='lat' dir='ltr'>Ao</span> <span class='ocrx_word' id='word_1_278' title='bbox 349 3529 462 3611; x_wconf 72' lang='lat' dir='ltr'>postea</span> <span class='ocrx_word' id='word_1_279' title='bbox 489 3521 617 3610; x_wconf 81' lang='lat' dir='ltr'>saepius</span> <span class='ocrx_word' id='word_1_280' title='bbox 650 3521 761 3591; x_wconf 80' lang='lat' dir='ltr'>eadem</span> <span class='ocrx_word' id='word_1_281' title='bbox 783 3520 954 3608; x_wconf 80' lang='lat' dir='ltr'>postdanti</span> <span class='ocrx_word' id='word_1_282' title='bbox 974 3521 1108 3596; x_wconf 59' lang='lat' dir='ltr'>ferunt</span> 
     </span>
    </p>
   </div>
   <div class='ocr_carea' id='block_1_3' title="bbox 0 0 1281 3966">
    <p class='ocr_par' dir='ltr' id='par_1_3' title="bbox 0 0 1281 3966">
     <span class='ocr_line' id='line_1_38' title="bbox 0 0 1281 3966; baseline 0 0"><span class='ocrx_word' id='word_1_283' title='bbox 0 0 1281 3966; x_wconf 95' lang='lat' dir='ltr'> </span> 
     </span>
    </p>
   </div>
  </div>
 </body>
</html>
