2520 3966
219 225 222 230 ’
319 314 322 326 s
374 225 749 313 wemereste-u
992 247 1014 314 s

84 437 122 480 co
170 415 248 480 'turn
269 422 353 498 erat,
383 437 483 502 genus
505 415 713 484 Numidarum
734 416 883 501 infidum,
905 420 1034 509 ingenio

81 525 135 570 mo
159 501 370 586 ili,novmum
390 524 498 568 rerum
519 501 648 568 avidum
670 525 750 570 esse.
779 502 890 592 Itaque
912 505 942 571 le
966 515 1057 574 atesi

80 588 182 654 alium
217 588 258 654 sb
294 588 356 654 alio
386 587 530 658 divorsos
560 589 759 676 adgreditur,
796 612 835 656 ao
869 613 940 678 pa,
977 593 1035 660 tim

80 673 275 777 temptando,
296 684 466 762 postquam
488 681 658 762 oportunos
673 675 736 742 sibi
756 679 913 763 cognovit,
934 678 1035 756 multa

51 760 262 847 spolhcendo
283 759 463 848 persuadet,
486 763 532 826 uti
546 761 730 848 Iugurtham
751 786 900 831 maxume
914 764 1033 851 vivum,

79 848 132 912 sin
153 847 187 911 id
208 869 320 933 parum
340 847 502 934 procedat,
525 857 671 914 necatum
694 848 756 916 sibi
777 848 954 934 traderent3
983 873 1033 917 ce·

78 943 184 998 terum
199 932 314 1018 palam,
337 955 419 1020 quae
434 956 476 1000 ex
491 934 653 1000 voluntate
674 935 779 1002 forent
792 938 872 1023 regi,
894 938 1034 1004 nuntiari
1179 1005 1181 1016 ὲ

76 1019 177 1084 iubet.
220 1018 347 1086 Deinde
368 1023 380 1084 i
403 1043 438 1086 se
459 1022 570 1106 paucis
592 1019 704 1086 diebus
725 1023 847 1089 intento
870 1032 963 1110 etque
984 1025 1056 1090 ind
1178 1021 1180 1034 ¹

76 1105 161 1172 festo
177 1107 319 1172 exercitu
333 1111 368 1170 in
380 1044 564 1174 Numidiam
585 1108 738 1194 procedit,
761 1107 817 1188 ubi
832 1117 942 1174 contra
954 1107 1033 1178 belli

36 1191 194 1258 rosaciem
215 1193 342 1278 tuguria
362 1192 459 1279 plena
480 1194 658 1277 hominum,
688 1216 806 1280 peoora
832 1193 1032 1282 cultoresque

75 1279 113 1342 in
141 1279 227 1363 agris
257 1287 363 1363 erant3
393 1301 435 1348 ex
464 1279 589 1367 oppidis
612 1288 645 1344 et
670 1280 848 1367 mapalibus
877 1279 1031 1367 praefecti

75 1366 164 1449 regis
180 1363 265 1428 obvii
279 1363 505 1450 procedebant,
520 1367 622 1452 parati
636 1366 829 1434 frumentum
845 1367 930 1451 dare,
947 1390 1031 1446 com·

74 1459 217 1514 meatum
239 1460 373 1536 portare,
420 1461 557 1518 ostremo
580 1453 686 1518 omniu
700 1475 782 1540 quae
799 1455 1031 1540 imperarentur

74 1536 193 1600 facere.
234 1536 345 1624 Neque
367 1537 515 1604 hetellus
542 1539 660 1604 idcirco
682 1541 803 1622 minus,
835 1539 892 1605 sed
912 1542 1052 1627 parituri

35 1633 115 1686 t5ac
135 1623 164 1686 si
184 1632 290 1686 nostes
314 1624 471 1708 adessent,
493 1626 613 1689 munito
636 1626 763 1726 agmine
785 1625 943 1710 incedere,
965 1624 1029 1691 late

74 1707 246 1794 explorare
261 1711 375 1792 omnia,
392 1710 450 1774 ills
459 1711 627 1776 deditionis
640 1731 732 1796 signa
746 1713 883 1783 ostentui
899 1711 1029 1778 credere

73 1804 107 1858 et
128 1794 252 1860 insidiis
275 1794 379 1860 locum
411 1799 566 1882 temptari.
610 1797 722 1883 Itaque
743 1799 814 1885 ipse
837 1819 909 1864 cum
932 1818 1049 1884 expe-³

73 1881 149 1946 ditis
174 1879 373 1965 cohortibus,
403 1883 479 1946 item
509 1881 703 1948 fimditorum
732 1893 764 1950 et
794 1885 1025 1968 sagittariorum

74 1966 202 2032 dilecte
221 1990 319 2034 manu
341 1968 427 2054 apud
447 1969 567 2054 primes
591 1979 666 2052 eret,
688 1971 723 2046 in
744 1977 904 2056 postremo
927 1968 1027 2036 Gaius

30 2053 195 2118 nemausus
216 2053 340 2138 legatus
364 2077 434 2119 eum
459 2054 617 2140 equitibus
640 2054 780 2139 curabat,
803 2056 837 2120 iu
858 2063 1027 2143 utrumque

71 2139 157 2205 latus
180 2141 363 2206 auxiliarios
387 2143 508 2241 equites
537 2139 672 2208 tribunis
699 2141 862 2228 legionum
883 2153 915 2208 et
934 2164 1026 2230 prae-

70 2225 165 2290 fectis
187 2226 363 2294 cohortium
390 2227 627 2314 d1spertiverat,
656 2236 692 2294 ut
713 2249 786 2294 oum
808 2230 854 2296 eis
900 2229 1026 2296 ermixti

69 2311 203 2394 velites,
241 2335 440 2401 quocumque
469 2312 658 2380 accederent
691 2317 848 2400 equitatus
876 2251 1024 2397 hostium,

68 2398 302 2485 propulsarent.
324 2399 407 2464 Num
420 2401 455 2464 in
468 2400 622 2488 Iugurtha
642 2408 747 2468 tanus
770 2401 861 2468 dolus
875 2411 1050 2490 tantaques

30 2485 187 2572 zeperitiu
207 2485 349 2551 locorum
372 2495 404 2550 et
425 2485 556 2554 militiae
577 2495 654 2570 erat,
676 2498 713 2553 ut
734 2487 850 2554 absens
873 2512 913 2556 un
934 2510 1024 2576 prae·

70 2594 164 2654 sens,
198 2595 310 2657 pacem
339 2595 380 2638 an
408 2571 528 2640 bellum
557 2595 671 2658 gerens
700 2574 901 2661 pernitiosior
930 2585 1024 2656 esset,

69 2660 103 2722 in
118 2660 240 2724 incerto
263 2656 442 2726 haberetur.
471 2661 551 2726 Erat
571 2657 656 2726 haud
677 2659 772 2746 longe
788 2659 828 2726 eh
849 2685 886 2728 eo
902 2663 1061 2742 itinerari

69 2766 132 2894 quo
147 2744 297 2810 Metellus
310 2745 475 2834 pergebat,
492 2747 642 2834 oppidum
655 2747 873 2852 Numidarum,
895 2747 1023 2814 nomine

29 2831 624 3002 uoeeigbiatffizbiffidibsslbi
633 2843 1024 2990 sitietilelsariedhndsribibhbhi

67 3003 173 3068 Italici
195 3007 323 3090 generis
344 3005 436 3070 multi
458 3006 618 3074 mortales.
669 3007 743 3073 Huc
771 3005 898 3090 consul,
928 3001 1046 3076 simule

68 3091 245 3175 temptandi
267 3092 369 3176 gratia
392 3094 430 3171 [si
451 3099 643 3179 paterentur]
667 3103 700 3160 et
714 3093 934 3181 oportrmitatis
949 3090 1021 3171 loci,

68 3177 262 3260 praesidium
283 3179 315 3242 in
340 3179 437 3263 osuit3
459 3187 625 3266 praeterea
645 3181 814 3267 imperavit
831 3178 1022 3244 frumentum

69 3270 100 3328 et
121 3261 186 3328 alia
208 3285 290 3349 quae
311 3201 397 3330 hello
419 3287 481 3330 usu
502 3265 606 3332 forent
628 3275 831 3352 conportare,
860 3272 964 3346 retiis,
987 3261 1021 3326 id

29 3365 58 3415 ss
68 3347 154 3435 quod
166 3371 219 3416 res
239 3350 398 3435 monebat,
421 3351 630 3438 frequentiam
644 3354 876 3438 negotiatorum
892 3360 924 3416 et
938 3369 1021 3417 com·

68 3443 175 3502 meatu
203 3437 385 3508 iuvaturam
418 3440 593 3507 exereitum
622 3448 654 3504 et
681 3441 746 3506 iam
774 3438 893 3524 paratis
922 3433 1019 3507 rebus

68 3523 261 3595 murnimento
289 3525 367 3592 fore.
413 3524 503 3592 iuter
531 3525 611 3592 haec
638 3528 766 3610 negotia
791 3522 953 3677 {rigunthe
971 3521 1045 3598 im

111 3625 227 3669 Sallustius
