2520 3966
409 283 634 357 IVGVR‘I'HA
655 281 786 354 Μ
1030 283 1073 354 tt

180 467 183 478 “
210 461 357 612 &ipre
378 462 412 526 vi
432 461 539 528 hostes
561 469 704 546 urguent,
725 479 834 548 panus
856 459 980 525 amissis
1001 479 1071 546 pro-

179 547 187 562 '
233 547 241 563 ⁰
280 554 383 612 eunt

186 631 305 697 Marius
338 632 379 698 ad
406 633 536 696 Zamam
568 633 720 719 pervenit
770 630 810 697 1d
842 631 1004 718 oppidum,
1036 627 1120 705 insa

124 737 235 806 eampo
264 719 374 801 situm,
403 720 504 804 magis
533 739 628 820 opere
657 737 751 806 quam
779 725 892 783 natura
917 717 1070 781 munitum

98 811 207 885 terat,
228 801 344 867 nullius
366 802 499 868 idoneae
520 825 567 868 rer
589 825 702 890 egens,
726 805 821 868 armis
835 802 974 889 virisque
996 823 1071 888 opu-

122 887 252 954 lentum.
302 889 403 974 Igitur
433 889 580 955 Metellus
612 913 670 977 pro
701 898 843 976 tempore
876 896 969 974 atque
1000 886 1095 954 looor

145 974 241 1038 aratis
262 973 357 1038 rebus
387 984 499 1040 cuneta
530 977 655 1042 moenia
683 976 824 1040 exercitu
857 974 1071 1055 circumvenit,

122 995 237 1144 legatis
264 1061 399 1147 imperat
429 1060 485 1125 ubi
518 1063 649 1148 quisque
682 1069 815 1125 ornaret.
864 1059 950 1124 Dein
982 1059 1096 1145 signos

124 1143 198 1208 dato
219 1143 296 1209 undi
317 1167 359 1210 ue
381 1145 473 1210 simul
495 1145 613 1211 elamor
634 1148 746 1233 ingens
769 1146 882 1228 orium,
910 1165 1013 1231 neque
1034 1165 1073 1208 ea

83 1251 175 1301 sores
195 1169 348 1294 Numidas
369 1241 483 1315 terret3
512 1231 628 1296 infensi
648 1233 822 1318 intentique
848 1231 916 1296 sine
938 1229 1073 1294 tumultu

123 1324 268 1398 manent,
298 1316 453 1402 proelium
481 1318 545 1381 inei
566 1319 638 1381 itur.
681 1316 830 1399 Romani,
859 1337 916 1402 pro
944 1316 1097 1400 ingenius

144 1401 270 1486 uisque,
292 1423 366 1486 pars
389 1403 509 1468 eminus
532 1339 647 1489 glande
669 1412 723 1469 aut
743 1401 900 1489 lapidibus
921 1421 1072 1487 pugnare,

124 1486 178 1549 aii
211 1487 380 1556 succedere
413 1509 451 1555 ao
481 1511 605 1554 murum
635 1489 730 1555 modo
763 1487 946 1571 subfodere,
978 1485 1073 1552 modo

124 1569 220 1640 stalis
242 1575 386 1662 adgredi:
416 1598 530 1663 cupere
558 1575 713 1663 proelium
737 1575 771 1639 in
791 1573 937 1640 manibus
956 1573 1071 1637 faeere.

83 1677 114 1731 tt
126 1661 245 1728 Contra
266 1685 305 1727 ea
326 1663 476 1750 oppidani
497 1664 530 1726 in
566 1683 716 1728 roxumos
732 1681 810 1728 saxa
823 1659 962 1742 volvere,
985 1657 1096 1730 sudiso

11 1817 12 1832 ἶ
124 1747 203 1832 pila,
225 1756 389 1835 praeterea
408 1750 479 1835 piae
502 1685 650 1833 sulphure
664 1746 790 1812 taedam
803 1748 935 1810 mixtam
950 1743 1072 1808 ardenti

11 1855 13 1950 p
123 1835 257 1898 mittero.
286 1833 351 1898 Sed
371 1856 413 1898 ne
433 1832 505 1898 illos
528 1833 663 1936 prdem,
687 1835 740 1920 qui
758 1831 869 1918 procul
883 1837 1097 1911 manseranta

11 1963 12 1978 ,
123 1919 218 1983 timor
239 1920 335 1983 animi
358 1920 432 1984 satis
453 1928 643 2003 muniverat3
672 1936 747 1982 nam
774 1917 942 2003 plerosque
969 1913 1072 1979 iacula

11 1997 12 2048 l
124 2006 286 2068 tormentis
319 2014 372 2069 aut
410 2025 506 2068 manu
538 2006 652 2068 emissa
683 2002 905 2084 volnerabant,
941 2001 1073 2086 parique

82 2109 116 2160 20
165 2088 281 2172 rionlo,
312 2091 369 2154 sed
396 2091 481 2155 fama
509 2091 611 2176 inpari
632 2089 708 2154 boni
729 2098 823 2174 atque
843 2089 952 2172 ignavi
973 2094 1071 2150 erant.

157 2196 210 2238 um
231 2174 315 2260 apud
336 2175 465 2240 Zamam
487 2176 533 2240 sio
555 2184 706 2257 uertatur,
734 2173 886 2260 Iugurtha
907 2195 948 2236 ex
968 2172 1119 2257 inpro-te

124 2259 194 2325 uiso
217 2269 320 2324 castra
340 2261 476 2325 hostium
498 2281 570 2325 eum
591 2280 707 2346 magna
734 2281 831 2322 manu
859 2257 997 2341 invadit3
1023 2279 1072 2321 re-

123 2345 245 2429 missis,
269 2347 322 2432 qui
344 2347 377 2410 in
391 2345 549 2432 praesidio
565 2355 668 2429 erant,
692 2354 724 2408 et
739 2344 844 2409 omnia
856 2345 956 2429 magis
979 2363 1072 2429 quam

123 2430 279 2518 proelium
301 2432 555 2518 expectantibus,
578 2439 700 2518 portam
721 2431 878 2516 inrumpit
915 2430 960 2493 At
972 2429 1096 2493 nost1i²

82 2519 288 2602 arepentina
304 2528 394 2582 metu
438 2517 568 2600 eroulsi,
599 2517 659 2582 sibi
689 2518 820 2603 quisque
848 2537 906 2602 pro
932 2515 1071 2579 moribus

125 2602 306 2668 oonsulunt:
328 2603 382 2668 alii
437 2625 520 2689 gere,
544 2602 598 2666 alii
620 2625 707 2668 arma
721 2623 843 2688 capere,
866 2623 981 2686 magna
1021 2622 1071 2664 ars

123 2686 279 2753 volnerati
301 2697 354 2752 aut
375 2689 480 2753 oooisi.
525 2687 672 2752 Ceterum
695 2709 735 2751 ex
761 2689 847 2751 omni
874 2685 997 2750 multitu
1021 2686 1095 2749 'net

123 2794 190 2837 non
209 2773 342 2859 amplius
366 2774 573 2860 quadraginta
579 2823 588 2857 ,
610 2795 764 2838 memores
779 2772 914 2836 nominis
928 2771 1070 2853 Romani,

124 2879 222 2944 grege
241 2859 324 2924 faoto
346 2859 449 2942 loopm
464 2881 577 2946 oepere
598 2857 705 2944 paullo
721 2880 814 2945 quam
835 2856 889 2921 alii
900 2856 1071 2939 editiorem,

82 2965 227 3046 sonoque
248 2945 323 3010 inde
343 2967 492 3010 maxuma
513 2946 546 3009 vi
567 2943 683 3031 depelli
713 2944 894 3030 quiverunt,
925 2940 982 3005 sed
1007 2940 1072 3006 tela

125 3052 247 3095 eminus
278 3031 375 3096 missa
406 3032 581 3112 remittere,
614 3029 707 3116 pauci
735 3030 769 3092 in
800 3026 943 3130 pluribus
969 3028 1072 3090 minus

124 3115 279 3201 frustrati3
302 3116 351 3182 sin
371 3115 526 3180 Numidae
548 3117 676 3201 propius
700 3122 914 3194 aooessrssent,
937 3111 982 3176 ibi
995 3135 1071 3177 vero

124 3203 271 3267 uimutem
293 3201 457 3267 ostendere
480 3210 512 3264 et
533 3221 587 3264 eos
609 3221 758 3263 maxuma
778 3199 812 3263 vi
834 3198 982 3281 caedere,
1005 3197 1073 3262 tim·

123 3285 198 3352 dere
220 3295 313 3374 atque
340 3287 458 3372 frigere.
501 3284 631 3350 Interim
651 3283 797 3350 Metellus
820 3305 890 3348 eum
912 3297 1095 3357 acerrumos

82 3391 191 3443 sorem
212 3381 349 3458 gereret,
377 3373 547 3438 elamorem
576 3371 740 3452 [hostilem]
764 3368 804 3434 ab
826 3377 915 3454 tergo
937 3370 1073 3456 aooepit3

125 3459 199 3524 dein
221 3477 374 3525 convorso
396 3479 477 3545 equo
500 3457 722 3524 animadvortit
748 3455 854 3540 fugam
884 3454 924 3518 ad
947 3477 986 3519 se
1001 3476 1072 3520 vor·

124 3566 194 3608 sum
214 3543 300 3626 fieri,
328 3565 409 3629 quae
429 3563 482 3607 res
501 3542 662 3608 iudioabat
681 3539 842 3627 popularis
864 3561 943 3606 esse.
972 3540 1094 3626 Igiturt
