<?xml version="1.0" encoding="UTF-8"?>
<!DOCTYPE html PUBLIC "-//W3C//DTD XHTML 1.0 Transitional//EN"
    "http://www.w3.org/TR/xhtml1/DTD/xhtml1-transitional.dtd">
<html xmlns="http://www.w3.org/1999/xhtml" xml:lang="en" lang="en">
 <head>
  <title>
</title>
<meta http-equiv="Content-Type" content="text/html;charset=utf-8" />
  <meta name='ocr-system' content='tesseract 3.04.00' />
  <meta name='ocr-capabilities' content='ocr_page ocr_carea ocr_par ocr_line ocrx_word'/>
</head>
<body>
  <div class='ocr_page' id='page_1' title='image "./catilinaiugurth00linkgoog_0017.png"; bbox 0 0 2502 3968; ppageno 0'>
   <div class='ocr_carea' id='block_1_1' title="bbox 125 267 191 318">
    <p class='ocr_par' dir='ltr' id='par_1_1' title="bbox 125 267 191 318">
     <span class='ocr_line' id='line_1_1' title="bbox 125 267 191 318; baseline 0 0"><span class='ocrx_word' id='word_1_1' title='bbox 125 267 191 318; x_wconf 90' lang='lat' dir='ltr'>VIII</span> 
     </span>
    </p>
   </div>
   <div class='ocr_carea' id='block_1_2' title="bbox 114 437 1145 3549">
    <p class='ocr_par' dir='ltr' id='par_1_2' title="bbox 122 437 1145 654">
     <span class='ocr_line' id='line_1_2' title="bbox 122 437 1145 536; baseline 0.004 -26"><span class='ocrx_word' id='word_1_2' title='bbox 122 441 286 510; x_wconf 87' lang='lat' dir='ltr'>manum’</span> <span class='ocrx_word' id='word_1_3' title='bbox 305 437 443 511; x_wconf 84' lang='lat' dir='ltr'>Romae</span> <span class='ocrx_word' id='word_1_4' title='bbox 470 463 651 535; x_wconf 75' lang='lat' dir='ltr'>expressa,</span> <span class='ocrx_word' id='word_1_5' title='bbox 678 465 726 512; x_wconf 89' lang='lat' dir='ltr'>ne</span> <span class='ocrx_word' id='word_1_6' title='bbox 752 438 844 512; x_wconf 89' lang='lat' dir='ltr'>haec</span> <span class='ocrx_word' id='word_1_7' title='bbox 866 439 1016 536; x_wconf 88' lang='lat' dir='ltr'>quidem</span> <span class='ocrx_word' id='word_1_8' title='bbox 1042 439 1145 536; x_wconf 80' lang='lat' dir='ltr'>alios,</span> 
     </span>
     <span class='ocr_line' id='line_1_3' title="bbox 125 557 1142 654; baseline 0.004 -25"><span class='ocrx_word' id='word_1_9' title='bbox 125 581 236 653; x_wconf 89' lang='lat' dir='ltr'>quam</span> <span class='ocrx_word' id='word_1_10' title='bbox 256 557 318 654; x_wconf 93' lang='lat' dir='ltr'>qui</span> <span class='ocrx_word' id='word_1_11' title='bbox 335 583 437 630; x_wconf 91' lang='lat' dir='ltr'>nunc</span> <span class='ocrx_word' id='word_1_12' title='bbox 452 557 506 630; x_wconf 92' lang='lat' dir='ltr'>ibi</span> <span class='ocrx_word' id='word_1_13' title='bbox 524 567 660 652; x_wconf 80' lang='lat' dir='ltr'><strong>extant,</strong></span> <span class='ocrx_word' id='word_1_14' title='bbox 680 557 823 632; x_wconf 87' lang='lat' dir='ltr'>codices</span> <span class='ocrx_word' id='word_1_15' title='bbox 842 569 970 633; x_wconf 91' lang='lat' dir='ltr'>secuta</span> <span class='ocrx_word' id='word_1_16' title='bbox 987 560 1142 634; x_wconf 88' lang='lat' dir='ltr'>videtur.</span> 
     </span>
    </p>

    <p class='ocr_par' dir='ltr' id='par_1_3' title="bbox 114 676 1145 3430">
     <span class='ocr_line' id='line_1_4' title="bbox 199 676 1144 776; baseline 0.003 -25"><span class='ocrx_word' id='word_1_17' title='bbox 199 678 257 751; x_wconf 91' lang='lat' dir='ltr'>De</span> <span class='ocrx_word' id='word_1_18' title='bbox 285 677 365 751; x_wconf 86' lang='lat' dir='ltr'>aliis</span> <span class='ocrx_word' id='word_1_19' title='bbox 392 676 565 752; x_wconf 88' lang='lat' dir='ltr'>subsidiis</span> <span class='ocrx_word' id='word_1_20' title='bbox 591 703 676 776; x_wconf 90' lang='lat' dir='ltr'>spes</span> <span class='ocrx_word' id='word_1_21' title='bbox 702 703 761 750; x_wconf 88' lang='lat' dir='ltr'>me</span> <span class='ocrx_word' id='word_1_22' title='bbox 787 677 924 752; x_wconf 85' lang='lat' dir='ltr'>fefellit.</span> <span class='ocrx_word' id='word_1_23' title='bbox 958 680 1056 752; x_wconf 87' lang='lat' dir='ltr'>Nam</span> <span class='ocrx_word' id='word_1_24' title='bbox 1084 707 1144 754; x_wconf 90' lang='lat' dir='ltr'>co-</span> 
     </span>
     <span class='ocr_line' id='line_1_5' title="bbox 122 797 1145 896; baseline 0 -24"><span class='ocrx_word' id='word_1_25' title='bbox 122 797 246 873; x_wconf 88' lang='lat' dir='ltr'>dicum</span> <span class='ocrx_word' id='word_1_26' title='bbox 265 798 608 873; x_wconf 88' lang='lat' dir='ltr'>Vindobonensium</span> <span class='ocrx_word' id='word_1_27' title='bbox 625 798 726 894; x_wconf 83' lang='lat' dir='ltr'>XV1‚</span> <span class='ocrx_word' id='word_1_28' title='bbox 756 823 848 896; x_wconf 90' lang='lat' dir='ltr'>quos</span> <span class='ocrx_word' id='word_1_29' title='bbox 875 797 1145 874; x_wconf 85' lang='lat' dir='ltr'>Endlicher</span> 
     </span>
     <span class='ocr_line' id='line_1_6' title="bbox 121 909 1143 1017; baseline 0.004 -27"><span class='ocrx_word' id='word_1_30' title='bbox 121 918 160 991; x_wconf 93' lang='lat' dir='ltr'>in</span> <span class='ocrx_word' id='word_1_31' title='bbox 173 1001 175 1006; x_wconf 21' lang='lat'><strong>¹</strong></span> <span class='ocrx_word' id='word_1_32' title='bbox 188 919 355 1017; x_wconf 86' lang='lat' dir='ltr'>catalogo</span> <span class='ocrx_word' id='word_1_33' title='bbox 382 919 488 993; x_wconf 84' lang='lat' dir='ltr'><strong>codd.</strong></span> <span class='ocrx_word' id='word_1_34' title='bbox 509 909 670 992; x_wconf 88' lang='lat' dir='ltr'>Latinor.</span> <span class='ocrx_word' id='word_1_35' title='bbox 698 944 734 1016; x_wconf 91' lang='lat' dir='ltr'>p.</span> <span class='ocrx_word' id='word_1_36' title='bbox 765 921 812 992; x_wconf 90' lang='lat'>38</span> <span class='ocrx_word' id='word_1_37' title='bbox 842 943 922 1016; x_wconf 85' lang='lat' dir='ltr'><strong>sqq.</strong></span> <span class='ocrx_word' id='word_1_38' title='bbox 951 920 1143 1013; x_wconf 76' lang='lat' dir='ltr'>recensuit,</span> 
     </span>
     <span class='ocr_line' id='line_1_7' title="bbox 121 1038 1142 1139; baseline 0.003 -27"><span class='ocrx_word' id='word_1_39' title='bbox 121 1039 261 1138; x_wconf 90' lang='lat' dir='ltr'>passim</span> <span class='ocrx_word' id='word_1_40' title='bbox 300 1067 320 1112; x_wconf 92' lang='lat' dir='ltr'>a</span> <span class='ocrx_word' id='word_1_41' title='bbox 364 1065 422 1114; x_wconf 90' lang='lat' dir='ltr'>me</span> <span class='ocrx_word' id='word_1_42' title='bbox 460 1040 708 1139; x_wconf 88' lang='lat' dir='ltr'>inspectorum</span> <span class='ocrx_word' id='word_1_43' title='bbox 748 1038 951 1114; x_wconf 79' lang='lat' dir='ltr'><strong>admodum</strong></span> <span class='ocrx_word' id='word_1_44' title='bbox 991 1041 1142 1137; x_wconf 85' lang='lat' dir='ltr'>exiguus</span> 
     </span>
     <span class='ocr_line' id='line_1_8' title="bbox 121 1160 1143 1259; baseline 0.003 -27"><span class='ocrx_word' id='word_1_45' title='bbox 121 1161 262 1234; x_wconf 89' lang='lat' dir='ltr'>fructus</span> <span class='ocrx_word' id='word_1_46' title='bbox 290 1171 378 1250; x_wconf 85' lang='lat' dir='ltr'>erat,</span> <span class='ocrx_word' id='word_1_47' title='bbox 410 1187 569 1259; x_wconf 90' lang='lat' dir='ltr'>quorum</span> <span class='ocrx_word' id='word_1_48' title='bbox 595 1171 769 1259; x_wconf 91' lang='lat' dir='ltr'>optumus</span> <span class='ocrx_word' id='word_1_49' title='bbox 796 1160 873 1234; x_wconf 86' lang='lat' dir='ltr'>fere</span> <span class='ocrx_word' id='word_1_50' title='bbox 899 1186 985 1235; x_wconf 91' lang='lat' dir='ltr'>cum</span> <span class='ocrx_word' id='word_1_51' title='bbox 1011 1161 1143 1236; x_wconf 85' lang='lat' dir='ltr'>Erlan-</span> 
     </span>
     <span class='ocr_line' id='line_1_9' title="bbox 120 1281 1143 1380; baseline 0.002 -26"><span class='ocrx_word' id='word_1_52' title='bbox 120 1281 226 1379; x_wconf 82' lang='lat' dir='ltr'>gensi</span> <span class='ocrx_word' id='word_1_53' title='bbox 261 1281 457 1375; x_wconf 74' lang='lat' dir='ltr'>consentit,</span> <span class='ocrx_word' id='word_1_54' title='bbox 492 1307 614 1380; x_wconf 89' lang='lat' dir='ltr'>neque</span> <span class='ocrx_word' id='word_1_55' title='bbox 639 1281 756 1354; x_wconf 80' lang='lat' dir='ltr'>iuvari</span> <span class='ocrx_word' id='word_1_56' title='bbox 784 1291 956 1380; x_wconf 82' lang='lat' dir='ltr'>poterant</span> <span class='ocrx_word' id='word_1_57' title='bbox 983 1282 1143 1380; x_wconf 90' lang='lat' dir='ltr'>quaein</span> 
     </span>
     <span class='ocr_line' id='line_1_10' title="bbox 123 1399 1143 1500; baseline 0 -26"><span class='ocrx_word' id='word_1_58' title='bbox 123 1399 346 1476; x_wconf 80' lang='lat' dir='ltr'>bibliotheca</span> <span class='ocrx_word' id='word_1_59' title='bbox 371 1401 540 1474; x_wconf 83' lang='lat' dir='ltr'>Palatina</span> <span class='ocrx_word' id='word_1_60' title='bbox 565 1427 684 1500; x_wconf 86' lang='lat' dir='ltr'>nuper</span> <span class='ocrx_word' id='word_1_61' title='bbox 710 1402 960 1500; x_wconf 88' lang='lat' dir='ltr'>adparuerunt</span> <span class='ocrx_word' id='word_1_62' title='bbox 986 1401 1032 1474; x_wconf 89' lang='lat' dir='ltr'>ad</span> <span class='ocrx_word' id='word_1_63' title='bbox 1058 1401 1143 1476; x_wconf 91' lang='lat' dir='ltr'>libri</span> 
     </span>
     <span class='ocr_line' id='line_1_11' title="bbox 119 1517 1142 1620; baseline 0.004 -27"><span class='ocrx_word' id='word_1_64' title='bbox 119 1521 274 1594; x_wconf 86' lang='lat' dir='ltr'>alicuius</span> <span class='ocrx_word' id='word_1_65' title='bbox 308 1533 564 1618; x_wconf 81' lang='lat' dir='ltr'>tegumentum</span> <span class='ocrx_word' id='word_1_66' title='bbox 597 1517 833 1620; x_wconf 59' lang='lat' dir='ltr'>adglutinata&#39;</span> <span class='ocrx_word' id='word_1_67' title='bbox 862 1523 950 1595; x_wconf 85' lang='lat' dir='ltr'>folia</span> <span class='ocrx_word' id='word_1_68' title='bbox 977 1522 1051 1596; x_wconf 93' lang='lat' dir='ltr'>duo</span> <span class='ocrx_word' id='word_1_69' title='bbox 1080 1548 1142 1597; x_wconf 92' lang='lat' dir='ltr'>co-</span> 
     </span>
     <span class='ocr_line' id='line_1_12' title="bbox 122 1641 1141 1741; baseline 0.003 -28"><span class='ocrx_word' id='word_1_70' title='bbox 122 1641 210 1714; x_wconf 89' lang='lat' dir='ltr'>dicis</span> <span class='ocrx_word' id='word_1_71' title='bbox 236 1642 505 1716; x_wconf 80' lang='lat' dir='ltr'>membranacei</span> <span class='ocrx_word' id='word_1_72' title='bbox 531 1643 677 1717; x_wconf 87' lang='lat' dir='ltr'>saeculo</span> <span class='ocrx_word' id='word_1_73' title='bbox 699 1644 774 1715; x_wconf 82' lang='lat' dir='ltr'>fere</span> <span class='ocrx_word' id='word_1_74' title='bbox 791 1642 865 1716; x_wconf 91' lang='lat' dir='ltr'>XII</span> <span class='ocrx_word' id='word_1_75' title='bbox 893 1643 1031 1741; x_wconf 75' lang='lat' dir='ltr'>scripti,</span> <span class='ocrx_word' id='word_1_76' title='bbox 1061 1643 1141 1741; x_wconf 89' lang='lat' dir='ltr'>qui-</span> 
     </span>
     <span class='ocr_line' id='line_1_13' title="bbox 118 1762 1141 1861; baseline 0 -25"><span class='ocrx_word' id='word_1_77' title='bbox 118 1765 190 1836; x_wconf 86' lang='lat' dir='ltr'>bus</span> <span class='ocrx_word' id='word_1_78' title='bbox 224 1762 315 1836; x_wconf 91' lang='lat' dir='ltr'>haec</span> <span class='ocrx_word' id='word_1_79' title='bbox 342 1762 543 1861; x_wconf 83' lang='lat' dir='ltr'>Iugurthae</span> <span class='ocrx_word' id='word_1_80' title='bbox 578 1789 608 1836; x_wconf 92' lang='lat' dir='ltr'>c.</span> <span class='ocrx_word' id='word_1_81' title='bbox 640 1767 697 1847; x_wconf 83' lang='lat'>14,</span> <span class='ocrx_word' id='word_1_82' title='bbox 730 1766 776 1836; x_wconf 82' lang='lat'>15</span> <span class='ocrx_word' id='word_1_83' title='bbox 804 1764 927 1836; x_wconf 73' lang='lat' dir='ltr'>auimo</span> <span class='ocrx_word' id='word_1_84' title='bbox 954 1763 1067 1837; x_wconf 74' lang='lat' dir='ltr'>clausi</span> <span class='ocrx_word' id='word_1_85' title='bbox 1091 1807 1141 1818; x_wconf 94' lang='lat'><em>-</em></span> 
     </span>
     <span class='ocr_line' id='line_1_14' title="bbox 121 1883 1142 1982; baseline 0 -25"><span class='ocrx_word' id='word_1_86' title='bbox 121 1909 149 1957; x_wconf 90' lang='lat' dir='ltr'>c.</span> <span class='ocrx_word' id='word_1_87' title='bbox 181 1886 281 1978; x_wconf 79' lang='lat'>18,8</span> <span class='ocrx_word' id='word_1_88' title='bbox 310 1886 521 1980; x_wconf 73' lang='lat' dir='ltr'>apprestium</span> <span class='ocrx_word' id='word_1_89' title='bbox 547 1907 610 1982; x_wconf 81' lang='lat' dir='ltr'>que</span> <span class='ocrx_word' id='word_1_90' title='bbox 633 1883 877 1957; x_wconf 90' lang='lat' dir='ltr'>continentur.</span> <span class='ocrx_word' id='word_1_91' title='bbox 906 1885 954 1956; x_wconf 87' lang='lat' dir='ltr'>Et</span> <span class='ocrx_word' id='word_1_92' title='bbox 981 1884 1142 1981; x_wconf 85' lang='lat' dir='ltr'>antiquis</span> 
     </span>
     <span class='ocr_line' id='line_1_15' title="bbox 119 2003 1140 2079; baseline -0.003 -1"><span class='ocrx_word' id='word_1_93' title='bbox 119 2029 243 2079; x_wconf 89' lang='lat' dir='ltr'>sumas</span> <span class='ocrx_word' id='word_1_94' title='bbox 262 2003 439 2078; x_wconf 83' lang='lat' dir='ltr'>editiones</span> <span class='ocrx_word' id='word_1_95' title='bbox 459 2003 639 2078; x_wconf 90' lang='lat' dir='ltr'>Venetam</span> <span class='ocrx_word' id='word_1_96' title='bbox 659 2029 692 2078; x_wconf 91' lang='lat' dir='ltr'>a.</span> <span class='ocrx_word' id='word_1_97' title='bbox 713 2007 810 2077; x_wconf 79' lang='lat'>1470</span> <span class='ocrx_word' id='word_1_98' title='bbox 827 2015 862 2077; x_wconf 88' lang='lat' dir='ltr'>et</span> <span class='ocrx_word' id='word_1_99' title='bbox 877 2005 1038 2078; x_wconf 89' lang='lat' dir='ltr'>eiusdem</span> <span class='ocrx_word' id='word_1_100' title='bbox 1052 2004 1140 2076; x_wconf 89' lang='lat' dir='ltr'>anni</span> 
     </span>
     <span class='ocr_line' id='line_1_16' title="bbox 115 2123 1139 2223; baseline -0.002 -25"><span class='ocrx_word' id='word_1_101' title='bbox 115 2125 331 2218; x_wconf 84' lang='lat' dir='ltr'>Pan&#39;sinam,</span> <span class='ocrx_word' id='word_1_102' title='bbox 360 2153 452 2223; x_wconf 89' lang='lat' dir='ltr'>quas</span> <span class='ocrx_word' id='word_1_103' title='bbox 479 2126 518 2198; x_wconf 91' lang='lat' dir='ltr'>in</span> <span class='ocrx_word' id='word_1_104' title='bbox 545 2126 675 2198; x_wconf 87' lang='lat' dir='ltr'>eadem</span> <span class='ocrx_word' id='word_1_105' title='bbox 702 2123 931 2198; x_wconf 79' lang='lat' dir='ltr'>bibliotheca</span> <span class='ocrx_word' id='word_1_106' title='bbox 957 2124 1139 2222; x_wconf 84' lang='lat' dir='ltr'>inspicere</span> 
     </span>
     <span class='ocr_line' id='line_1_17' title="bbox 118 2245 1140 2342; baseline -0.002 -23"><span class='ocrx_word' id='word_1_107' title='bbox 118 2247 237 2342; x_wconf 79' lang='lat' dir='ltr'>potui,</span> <span class='ocrx_word' id='word_1_108' title='bbox 276 2272 319 2318; x_wconf 88' lang='lat' dir='ltr'>ex</span> <span class='ocrx_word' id='word_1_109' title='bbox 353 2245 505 2319; x_wconf 82' lang='lat' dir='ltr'>noviciis</span> <span class='ocrx_word' id='word_1_110' title='bbox 538 2257 682 2319; x_wconf 85' lang='lat' dir='ltr'>tantum</span> <span class='ocrx_word' id='word_1_111' title='bbox 715 2245 818 2318; x_wconf 89' lang='lat' dir='ltr'>libris</span> <span class='ocrx_word' id='word_1_112' title='bbox 846 2269 1034 2342; x_wconf 86' lang='lat' dir='ltr'>expressas</span> <span class='ocrx_word' id='word_1_113' title='bbox 1061 2268 1140 2317; x_wconf 87' lang='lat' dir='ltr'>esse</span> 
     </span>
     <span class='ocr_line' id='line_1_18' title="bbox 117 2365 1137 2463; baseline -0.005 -22"><span class='ocrx_word' id='word_1_114' title='bbox 117 2392 199 2441; x_wconf 90' lang='lat' dir='ltr'>cum</span> <span class='ocrx_word' id='word_1_115' title='bbox 219 2365 299 2440; x_wconf 88' lang='lat' dir='ltr'>aliis</span> <span class='ocrx_word' id='word_1_116' title='bbox 316 2377 397 2440; x_wconf 89' lang='lat' dir='ltr'>tum</span> <span class='ocrx_word' id='word_1_117' title='bbox 414 2365 505 2438; x_wconf 88' lang='lat' dir='ltr'>mihi</span> <span class='ocrx_word' id='word_1_118' title='bbox 522 2366 651 2463; x_wconf 85' lang='lat' dir='ltr'>patuit.</span> <span class='ocrx_word' id='word_1_119' title='bbox 679 2365 851 2462; x_wconf 90' lang='lat' dir='ltr'>Denique</span> <span class='ocrx_word' id='word_1_120' title='bbox 870 2389 967 2462; x_wconf 85' lang='lat' dir='ltr'>quae</span> <span class='ocrx_word' id='word_1_121' title='bbox 985 2391 1016 2438; x_wconf 84' lang='lat' dir='ltr'>a.</span> <span class='ocrx_word' id='word_1_122' title='bbox 1039 2365 1137 2438; x_wconf 89' lang='lat'>1330</span> 
     </span>
     <span class='ocr_line' id='line_1_19' title="bbox 118 2483 1139 2585; baseline -0.003 -25"><span class='ocrx_word' id='word_1_123' title='bbox 118 2513 141 2560; x_wconf 93' lang='lat' dir='ltr'>a</span> <span class='ocrx_word' id='word_1_124' title='bbox 175 2487 412 2585; x_wconf 86' lang='lat' dir='ltr'>Magistro</span> <span class='ocrx_word' id='word_1_125' title='bbox 447 2485 651 2559; x_wconf 88' lang='lat' dir='ltr'>Martino</span> <span class='ocrx_word' id='word_1_126' title='bbox 687 2483 925 2560; x_wconf 82' lang='lat' dir='ltr'>Oanonico</span> <span class='ocrx_word' id='word_1_127' title='bbox 964 2485 1005 2557; x_wconf 94' lang='lat' dir='ltr'>in</span> <span class='ocrx_word' id='word_1_128' title='bbox 1036 2483 1139 2558; x_wconf 89' lang='lat' dir='ltr'>libris</span> 
     </span>
     <span class='ocr_line' id='line_1_20' title="bbox 118 2605 1140 2704; baseline -0.003 -24"><span class='ocrx_word' id='word_1_129' title='bbox 118 2606 292 2682; x_wconf 87' lang='lat' dir='ltr'>ecclesiae</span> <span class='ocrx_word' id='word_1_130' title='bbox 318 2607 366 2680; x_wconf 93' lang='lat' dir='ltr'>ad</span> <span class='ocrx_word' id='word_1_131' title='bbox 384 2605 530 2682; x_wconf 75' lang='lat' dir='ltr'>Cetium</span> <span class='ocrx_word' id='word_1_132' title='bbox 556 2617 721 2680; x_wconf 89' lang='lat' dir='ltr'>montem</span> <span class='ocrx_word' id='word_1_133' title='bbox 743 2607 1024 2704; x_wconf 87' lang='lat' dir='ltr'>Neuburgensis</span> <span class='ocrx_word' id='word_1_134' title='bbox 1053 2630 1140 2678; x_wconf 91' lang='lat' dir='ltr'>eno-</span> 
     </span>
     <span class='ocr_line' id='line_1_21' title="bbox 117 2724 1139 2824; baseline -0.002 -22"><span class='ocrx_word' id='word_1_135' title='bbox 117 2740 196 2803; x_wconf 90' lang='lat' dir='ltr'>tata</span> <span class='ocrx_word' id='word_1_136' title='bbox 222 2738 308 2803; x_wconf 89' lang='lat' dir='ltr'>sunt</span> <span class='ocrx_word' id='word_1_137' title='bbox 325 2724 508 2821; x_wconf 78' lang='lat' dir='ltr'>Salustius,</span> <span class='ocrx_word' id='word_1_138' title='bbox 536 2729 618 2802; x_wconf 76' lang='lat' dir='ltr'>uene</span> <span class='ocrx_word' id='word_1_139' title='bbox 640 2730 734 2824; x_wconf 75' lang='lat' dir='ltr'>ploce</span> <span class='ocrx_word' id='word_1_140' title='bbox 753 2727 910 2824; x_wconf 77' lang='lat' dir='ltr'>Sclustu‘,</span> <span class='ocrx_word' id='word_1_141' title='bbox 940 2729 1021 2801; x_wconf 77' lang='lat' dir='ltr'>item</span> <span class='ocrx_word' id='word_1_142' title='bbox 1045 2728 1139 2822; x_wconf 73' lang='lat' dir='ltr'>plcre</span> 
     </span>
     <span class='ocr_line' id='line_1_22' title="bbox 116 2844 1133 2949; baseline 0.002 -29"><span class='ocrx_word' id='word_1_143' title='bbox 116 2851 155 2921; x_wconf 77' lang='lat' dir='ltr'>ut</span> <span class='ocrx_word' id='word_1_144' title='bbox 181 2844 374 2922; x_wconf 77' lang='lat' dir='ltr'>Salustium</span> <span class='ocrx_word' id='word_1_145' title='bbox 400 2845 461 2949; x_wconf 84' lang='lat' dir='ltr'>(cf.</span> <span class='ocrx_word' id='word_1_146' title='bbox 490 2845 620 2922; x_wconf 77' lang='lat' dir='ltr'>Archiv</span> <span class='ocrx_word' id='word_1_147' title='bbox 638 2848 675 2946; x_wconf 93' lang='lat' dir='ltr'>f.</span> <span class='ocrx_word' id='word_1_148' title='bbox 703 2847 835 2922; x_wconf 86' lang='lat' dir='ltr'>Kunde</span> <span class='ocrx_word' id='word_1_149' title='bbox 862 2851 979 2922; x_wconf 72' lang='lat' dir='ltr'>detera</span> <span class='ocrx_word' id='word_1_150' title='bbox 1013 2844 1133 2922; x_wconf 81' lang='lat' dir='ltr'>Gescb.</span> 
     </span>
     <span class='ocr_line' id='line_1_23' title="bbox 120 2967 1139 3067; baseline -0.001 -25"><span class='ocrx_word' id='word_1_151' title='bbox 120 2967 260 3051; x_wconf 81' lang='lat' dir='ltr'>Quelleu</span> <span class='ocrx_word' id='word_1_152' title='bbox 280 2971 389 3057; x_wconf 81' lang='lat'>1850,</span> <span class='ocrx_word' id='word_1_153' title='bbox 414 2980 441 3046; x_wconf 82' lang='lat' dir='ltr'>t.</span> <span class='ocrx_word' id='word_1_154' title='bbox 468 2968 515 3043; x_wconf 90' lang='lat' dir='ltr'>V.</span> <span class='ocrx_word' id='word_1_155' title='bbox 531 2995 565 3067; x_wconf 93' lang='lat' dir='ltr'>p.</span> <span class='ocrx_word' id='word_1_156' title='bbox 586 2970 690 3064; x_wconf 82' lang='lat'><strong>298),</strong></span> <span class='ocrx_word' id='word_1_157' title='bbox 719 2994 759 3042; x_wconf 88' lang='lat' dir='ltr'>ea</span> <span class='ocrx_word' id='word_1_158' title='bbox 785 2994 887 3042; x_wconf 91' lang='lat' dir='ltr'>nunc</span> <span class='ocrx_word' id='word_1_159' title='bbox 912 2968 952 3040; x_wconf 92' lang='lat' dir='ltr'>in</span> <span class='ocrx_word' id='word_1_160' title='bbox 975 2967 1139 3042; x_wconf 88' lang='lat' dir='ltr'>eiusdem</span> 
     </span>
     <span class='ocr_line' id='line_1_24' title="bbox 118 3087 1139 3177; baseline 0 -17"><span class='ocrx_word' id='word_1_161' title='bbox 118 3087 283 3162; x_wconf 89' lang='lat' dir='ltr'>coenobii</span> <span class='ocrx_word' id='word_1_162' title='bbox 319 3088 564 3177; x_wconf 69' lang='lat' dir='ltr'>bibliotheca,</span> <span class='ocrx_word' id='word_1_163' title='bbox 600 3089 705 3164; x_wconf 90' lang='lat' dir='ltr'>cuius</span> <span class='ocrx_word' id='word_1_164' title='bbox 740 3088 1013 3164; x_wconf 90' lang='lat' dir='ltr'>liberalissume</span> <span class='ocrx_word' id='word_1_165' title='bbox 1047 3087 1139 3161; x_wconf 91' lang='lat' dir='ltr'>mihi</span> 
     </span>
     <span class='ocr_line' id='line_1_25' title="bbox 114 3207 1137 3308; baseline -0.001 -27"><span class='ocrx_word' id='word_1_166' title='bbox 114 3207 236 3283; x_wconf 89' lang='lat' dir='ltr'>aditus</span> <span class='ocrx_word' id='word_1_167' title='bbox 256 3234 452 3284; x_wconf 89' lang='lat' dir='ltr'>concessus</span> <span class='ocrx_word' id='word_1_168' title='bbox 472 3225 537 3300; x_wconf 85' lang='lat' dir='ltr'>est,</span> <span class='ocrx_word' id='word_1_169' title='bbox 561 3210 620 3284; x_wconf 91' lang='lat' dir='ltr'>vel</span> <span class='ocrx_word' id='word_1_170' title='bbox 639 3221 774 3285; x_wconf 90' lang='lat' dir='ltr'>cuncta</span> <span class='ocrx_word' id='word_1_171' title='bbox 792 3209 1041 3308; x_wconf 88' lang='lat' dir='ltr'>perscrutanti</span> <span class='ocrx_word' id='word_1_172' title='bbox 1060 3233 1137 3282; x_wconf 88' lang='lat' dir='ltr'>non</span> 
     </span>
     <span class='ocr_line' id='line_1_26' title="bbox 118 3328 1140 3430; baseline 0 -29"><span class='ocrx_word' id='word_1_173' title='bbox 118 3328 371 3428; x_wconf 85' lang='lat' dir='ltr'>adparuerunt</span> <span class='ocrx_word' id='word_1_174' title='bbox 395 3355 555 3430; x_wconf 86' lang='lat' dir='ltr'>necque</span> <span class='ocrx_word' id='word_1_175' title='bbox 583 3330 749 3429; x_wconf 83' lang='lat' dir='ltr'>gentium</span> <span class='ocrx_word' id='word_1_176' title='bbox 766 3329 908 3429; x_wconf 89' lang='lat' dir='ltr'>perlata</span> <span class='ocrx_word' id='word_1_177' title='bbox 935 3329 1009 3403; x_wconf 91' lang='lat' dir='ltr'>sint</span> <span class='ocrx_word' id='word_1_178' title='bbox 1034 3329 1140 3402; x_wconf 92' lang='lat' dir='ltr'>inda-</span> 
     </span>
    </p>

    <p class='ocr_par' dir='ltr' id='par_1_4' title="bbox 118 3450 353 3549">
     <span class='ocr_line' id='line_1_27' title="bbox 118 3450 353 3549; baseline 0 -25"><span class='ocrx_word' id='word_1_179' title='bbox 118 3450 198 3546; x_wconf 85' lang='lat' dir='ltr'>gari</span> <span class='ocrx_word' id='word_1_180' title='bbox 224 3451 353 3549; x_wconf 86' lang='lat' dir='ltr'>potuit.</span> 
     </span>
    </p>
   </div>
   <div class='ocr_carea' id='block_1_3' title="bbox 0 0 1256 3968">
    <p class='ocr_par' dir='ltr' id='par_1_5' title="bbox 0 0 1256 3968">
     <span class='ocr_line' id='line_1_28' title="bbox 0 0 1256 3968; baseline 0 2"><span class='ocrx_word' id='word_1_181' title='bbox 0 0 1256 3968; x_wconf 95' lang='lat' dir='ltr'> </span> 
     </span>
    </p>
   </div>
  </div>
 </body>
</html>
