2520 3966
337 212 340 217 .
460 155 622 224 ORATIO
645 153 793 222 LEPIDI
1029 154 1092 226 1³⁶

141 328 346 396 innoxiorum
357 329 398 398 ab
414 330 549 414 divitias,
565 330 722 394 cruciatus
743 329 885 394 virorum
899 330 1089 416 inlustrium,

142 424 266 483 vastam
286 418 400 483 urbem
421 416 496 502 fuga
525 423 558 481 et
584 414 748 499 caedibus,
780 414 866 480 bona
892 415 1008 484 civium
1033 418 1090 484 mi·

143 524 290 569 scrotum
305 504 396 590 quasi
411 500 604 567 Cimbricam
625 501 778 587 praedam
793 522 910 566 venum
931 511 986 568 aut
1006 501 1089 570 dono

144 587 260 654 datam.
317 588 362 652 At
399 587 536 653 obiectat
570 587 648 652 mihi
679 588 897 674 possessiones
930 609 971 652 ex
999 587 1131 655 bonists

116 674 409 762 eproscriptorum:
447 672 532 761 quod
568 672 695 760 quidem
735 671 892 738 scelerum
927 672 1012 739 illius
1037 673 1091 740 vel

142 781 328 826 manumum
350 768 412 843 est,
441 781 506 823 non
532 779 584 822 me
613 780 717 845 neque
739 780 929 847 quemquam
952 760 1091 825 omnium

144 845 223 912 satis
244 853 347 912 tutum
368 845 476 928 trisse,
508 844 536 910 si
556 852 646 910 recte
666 844 854 910 faceremus.
898 845 1005 932 Atque
1025 844 1089 930 illa,

145 952 226 1018 quae
258 939 327 998 tum
357 929 527 997 formidine
558 932 717 996 mercatus
747 952 817 995 sum
845 932 948 1017 pretio
978 929 1089 1014 soluto,

141 1017 212 1084 iure
235 1025 349 1101 tamen,
373 1015 508 1082 dominis
534 1017 676 1099 restituo,
707 1037 811 1102 neque
832 1018 898 1168 §ati
926 1016 1090 1082 eonsilium

104 1124 133 1176 ιο
144 1110 193 1168 cst
213 1101 311 1168 ullam
333 1124 369 1167 ex
391 1101 513 1168 civibus
534 1101 687 1188 praedam
709 1124 790 1167 esse.
858 1103 916 1168 atis
942 1101 997 1168 illa
1024 1101 1132 1169 fixe-1⁹

143 1188 216 1272 rint,
241 1211 321 1289 quae
343 1187 432 1254 rabie
454 1196 615 1255 contracta
640 1187 854 1272 toleravimus,
883 1209 995 1254 manus
1017 1209 1090 1255 con-

143 1281 278 1339 serentrs
307 1275 390 1339 inter
422 1295 456 1338 se
485 1273 644 1339 Romanos
679 1273 837 1339 exercitus
870 1282 902 1339 et
933 1295 1023 1339 arma
1050 1275 1089 1340 ab

144 1360 285 1426 externis
306 1361 341 1426 in
361 1368 487 1426 nosmet
507 1381 612 1426 versa
649 1358 814 1425 Scelerum
836 1368 868 1425 et
889 1359 1090 1426 conmmelia·

140 1467 215 1511 rum
237 1447 376 1512 omnium
404 1445 476 1510 finis
498 1446 548 1510 sit.
603 1442 746 1524 Quorum
774 1445 853 1513 adeo
881 1444 1001 1512 Sullam
1026 1470 1090 1514 non

106 1531 291 1618 »apaenitet
314 1540 349 1597 ut
370 1531 506 1598 attacta
525 1532 560 1595 in
580 1531 682 1617 gloria
710 1542 854 1598 numeret
875 1540 916 1617 et,
939 1531 967 1596 si
986 1530 1088 1617 liccat,

142 1615 266 1684 avidius
288 1616 407 1683 fecerit.
1010 1695 1011 1698 Ἴ

205 1703 317 1791 Neque
338 1705 403 1769 iam
426 1703 502 1790 quid
524 1703 719 1774 existumetis
742 1703 782 1767 de
803 1703 874 1788 illo,
905 1703 962 1771 sed
992 1725 1130 1790 quan-20

141 1798 210 1854 tum
231 1788 373 1856 audeatis
395 1810 527 1855 vereor:
549 1809 591 1852 ne
613 1787 693 1852 alius
720 1786 817 1852 alium
838 1789 1014 1876 principem
1036 1811 1088 1854 ax·

164 1883 304 1941 aetantes
334 1884 407 1940 ante
436 1873 620 1961 capiamini,
656 1897 719 1940 non
748 1873 860 1961 opibus
890 1877 975 1958 cius,
1009 1897 1089 1962 quae

98 1982 132 2032 re
177 1961 248 2026 tiles
271 1969 303 2026 et
325 1969 493 2047 corruptae
515 1967 597 2044 sunt,
621 1959 679 2025 sed
707 1969 816 2026 vostra
844 1960 988 2030 socordia
1015 1988 1086 2032 con-

141 2047 234 2132 repti.
286 2046 413 2112 Scilicet
442 2067 537 2132 quam
563 2045 680 2111 audeas
712 2054 778 2110 tam
816 2047 920 2113 videri
956 2045 1088 2112 felicem.

140 2131 223 2196 Nam
250 2141 379 2218 praeter
418 2130 569 2197 satellites
605 2130 837 2199 conmaculatos
877 2133 947 2220 quis
980 2131 1127 2197 eademst

139 2217 222 2301 volt,
253 2226 308 2281 aut
330 2218 399 2305 quis
422 2237 486 2283 non
508 2217 613 2282 emnia
633 2225 753 2282 mutata
766 2225 894 2303 praeter
914 2217 1089 2283 victorem?

139 2303 193 2368 An
216 2302 357 2386 [scilicet]
378 2301 503 2387 milites,
527 2324 661 2389 quorum
680 2302 832 2388 sanguine
847 2303 985 2368 Tarulae
1006 2301 1089 2368 Scir·

99 2405 178 2455 aare
200 2411 250 2472 ue,
272 2389 429 2476 pessumis
451 2410 633 2474 serverum,
656 2387 784 2453 divitiae
805 2397 914 2475 partae
936 2397 1026 2454 sunt·
1049 2411 1091 2454 an

141 2497 195 2561 qur
218 2497 255 2538 us
276 2475 438 2561 praelatus
452 2475 486 2540 in
501 2472 738 2561 magistratibus
758 2496 796 2538 ca
816 2475 921 2540 iundis
935 2438 1090 2558 Fufidius,

140 2558 257 2624 ancilla
277 2563 387 2648 turpis,
410 2560 566 2628 honorum
588 2560 727 2626 omnium
749 2496 1089 2626 dellenestamcntum?

139 2643 252 2732 Itaque
273 2667 456 2713 maxumam
482 2644 560 2710 mihi
587 2645 737 2710 fiduciam
764 2646 850 2732 parit
875 2647 978 2712 vietor
999 2660 1132 2712 exer-22

136 2739 227 2823 citus,
255 2731 306 2797 cui
325 2753 385 2818 per
407 2739 454 2796 tet
481 2729 615 2798 volnera
644 2739 677 2796 et
699 2729 827 2798 labores
856 2730 935 2797 nih]
961 2741 1090 2819 praeter

98 2842 129 2890 30
139 2827 311 2904 tyrannum
333 2818 511 2904 quaesitum
529 2824 586 2881 est.
630 2815 700 2881 Nisi
710 2815 792 2882 forte
813 2816 1014 2883 tribuniciam
1035 2832 1132 2904 pets

1 2934 9 2991 g
138 2911 286 2970 testatam
308 2925 457 2969 evorsum
476 2901 611 2989 profecti
632 2910 715 2987 sunt,
740 2925 800 2990 per
822 2924 912 2968 arma
933 2903 1091 2970 conditam

139 3012 160 3054 a
187 2987 360 3055 maioribus
390 2989 465 3073 suis,
502 2987 612 3076 utique
653 2988 726 3053 iura
759 2997 791 3055 et
818 2988 934 3054 iudicia
966 2988 1092 3054 sibimet

140 3084 231 3140 exter
254 3083 381 3141 nerent:
405 3075 536 3162 egregia
558 3072 678 3140 scilicet
691 3075 849 3159 mercede,
866 3096 938 3139 cum
958 3073 1093 3161 relegati

1 3209 2 3229 1
138 3161 173 3226 in
199 3098 335 3249 pilades
365 3168 398 3228 ct
426 3160 522 3227 silvas
556 3160 780 3227 contumeliam
817 3169 913 3247 atque
940 3160 1093 3226 invidiam

1 3264 2 3298 ὲ
97 3263 249 3331 atsuam,
273 3248 416 3333 praemia
442 3268 543 3350 penes
571 3267 691 3334 paucos
716 3245 939 3333 intellegerint
984 3243 1134 3325 Quarcas

132 3336 232 3424 igitur
259 3339 347 3401 tante
369 3355 496 3438 agmine
518 3341 615 3422 atque
642 3333 755 3397 animis
782 3329 926 3398 incedit?
949 3332 1024 3420 quia
1046 3353 1093 3396 se·

144 3420 269 3490 candae
282 3445 335 3489 res
364 3441 445 3487 merc
467 3428 542 3487 sunt
566 3418 651 3486 vitiis
686 3417 841 3504 obtenusi3
876 3415 991 3510 quibus
1020 3415 1094 3484 laba
