2502 3968
166 183 187 250 8
462 183 678 252 ‘camme
698 185 810 252 e-1t

132 371 154 430 o
226 354 327 442 Igitur
348 355 434 421 domi
459 356 651 445 militiaeque
679 357 757 424 boni
784 377 888 422 mores
917 355 1118 422 colebantur

164 441 333 507 concordia
346 463 504 526 maxuma,
519 444 660 510 minuma
674 443 807 510 avaritia
821 451 904 526 erat3
926 443 975 506 ius
986 441 1119 507 bonum·

164 548 225 613 que
246 549 266 593 a
286 526 331 593 ud
352 549 407 593 eos
428 549 493 593 non
514 528 638 614 legibus
659 530 762 616 magis
784 550 878 615 quam
899 537 1012 594 natura
1031 526 1118 590 vale·
1243 559 1244 598 2

136 612 226 682 ibat.
271 613 363 699 urgia
384 613 558 679 discordias
581 614 755 681 simultates
777 637 850 679 cum
869 614 1011 680 hostibus
1027 635 1119 676 exer·
1243 615 1244 686 J

163 698 293 782 cebant,
323 699 409 764 cives
432 721 504 764 cum
526 700 649 766 civibus
672 701 712 766 de
733 702 850 766 virtute
877 699 1055 783 certabant;
1084 699 1146 768 ius

163 807 200 848 su
243 783 324 848 liciis
346 784 478 850 deorum
498 787 674 872 magnifici,
705 786 791 852 domi
811 788 916 873 parci,
945 787 979 850 in
1071 785 1119 856 cis
1243 789 1244 868 l

137 869 184 939 afi
207 807 272 935 eles
295 878 399 936 erant:
423 868 545 937 duabus
569 873 614 938 eis
637 872 773 956 artibus,
802 871 935 940 audacia
963 807 1117 954 inflbbllo,
1243 875 1244 890 ¹

161 953 218 1019 ubi
261 976 304 1019 ax
326 965 476 1022 evenerat
497 958 671 1043 aequitate,
695 979 792 1044 seque
806 979 936 1044 remque
956 955 1118 1042 publicam
1243 937 1244 1004 l

137 978 322 1109 domabant.
367 1040 509 1122 Quarum
531 1065 637 1108 rerum
664 1064 723 1129 ego
753 1065 903 1108 maxuma
930 1041 1119 1106 documenta

161 1125 241 1192 haec
260 1125 379 1212 habeo,
410 1127 495 1214 quod
522 1130 557 1192 in
584 1127 669 1194 bello
700 1130 825 1192 sacius
855 1127 1048 1194 vindicatum
1070 1135 1167 1197 estro
1243 1111 1244 1180 l

161 1212 196 1277 in
216 1231 287 1297 eos,
310 1213 364 1299 qui
386 1223 495 1278 contra
515 1214 684 1299 imperium
704 1216 739 1278 in
752 1153 875 1279 lostam
889 1221 1116 1299 pugnaverant,

162 1297 278 1386 quique
299 1298 435 1382 tardius,
457 1301 614 1382 revocati,
643 1299 764 1386 proelio
787 1308 998 1381 excesserant,
1021 1320 1117 1387 quam

162 1385 217 1471 qui
239 1384 330 1470 signa
343 1383 522 1472 relinquere
546 1394 600 1449 aut
613 1385 698 1471 pulsi
712 1385 782 1451 loco
798 1384 912 1450 cedere
927 1386 997 1448 ausi
1011 1394 1115 1467 erant3

137 1471 195 1538 ain
215 1491 295 1556 pace
315 1492 410 1554 vero,
441 1470 527 1556 quod
547 1469 703 1535 benificiis
726 1493 822 1558 quam
842 1479 929 1536 metu
949 1470 1116 1557 inperium

162 1553 323 1705 agiltapant
345 1565 377 1620 et
397 1565 529 1644 accepta
549 1557 665 1622 iniuria
678 1557 843 1642 ignoscere
859 1578 954 1644 quam
969 1557 1115 1643 persequi
1124 1573 1163 1628 ,tu

160 1663 193 1705 m
226 1650 330 1706 eant
1005 1645 1007 1650 ’

112 1743 152 1798 to
246 1724 311 1793 Sed
330 1726 387 1792 ubi
408 1724 516 1791 labore
540 1737 634 1828 atque
655 1729 774 1792 iustitia
794 1725 990 1813 respublica
1007 1727 1116 1809 crevit,

162 1833 253 1899 reges
274 1813 382 1898 magni
403 1810 488 1877 bello
512 1813 621 1877 domiti
628 1861 637 1896 ,
666 1814 810 1878 nationes
838 1812 925 1878 ferae
955 1822 986 1878 et
1006 1811 1117 1899 populi
1243 1849 1244 1890 ;

160 1899 305 1984 ingentes
327 1899 361 1964 vi
376 1896 515 1982 subacti,
539 1897 697 1984 Carthago
712 1897 837 1964 aemula
856 1899 969 1988 imperi
982 1898 1118 1962 Romani
1243 1895 1244 1904 ’

162 1982 202 2048 ab
225 1985 322 2072 stirpe
344 1982 477 2066 interiit,
507 1993 620 2048 cuncta
640 1985 742 2048 maria
762 1993 928 2070 terraeque
973 1981 1162 2052 atebanttto

136 2069 284 2136 tsaevme
306 2069 431 2135 fortuna
452 2091 491 2134 ac
511 2069 645 2134 miscere
666 2071 774 2134 omnia
795 2071 908 2156 coepit.
946 2007 1010 2147 &ui
1030 2065 1115 2133 labo·

161 2176 213 2219 res
234 2154 391 2241 pericula,
414 2154 526 2219 dubias
549 2164 642 2244 atque
664 2176 793 2241 asperas
815 2177 867 2220 res
889 2155 982 2220 facile
1004 2153 1117 2218 tolera·

161 2249 282 2323 verant,
298 2242 343 2303 eis
357 2241 453 2304 otium
466 2239 603 2323 divitiae,
616 2239 755 2327 optanda
762 2239 841 2323 aliis,
858 2241 946 2305 oneri
956 2240 1118 2304 miseriae·

136 2343 224 2413 tque
238 2323 336 2390 fitero.
379 2325 480 2410 Igitur
501 2327 638 2410 primum
657 2327 830 2414 pecuniae,
860 2325 975 2390 deinde
1003 2325 1118 2411 imperi

162 2409 276 2496 cupido
299 2411 415 2494 crevit3
446 2432 485 2474 ea
513 2411 604 2497 quasi
631 2413 779 2476 materies
802 2412 941 2476 omnium
962 2410 1161 2480 malorumtt

135 2495 258 2564 tinere.
294 2495 438 2583 Namque
460 2495 593 2559 avaritia
613 2495 710 2560 fidem
723 2495 913 2583 probitatem
933 2506 1117 2582 ceterasque

161 2580 350 2648 ardeliones
366 2579 537 2664 subvertit3
559 2602 617 2667 pro
632 2580 681 2647 his
698 2575 878 2668 superbiam
890 2581 1116 2666 crudelitatem,
1162 2639 1167 2664 ,

162 2667 238 2731 deos
259 2667 429 2753 neglegere
452 2667 558 2732 omnia
579 2667 706 2731 venalia
726 2665 845 2732 habere
868 2667 1003 2733 edocuit.
1039 2665 1117 2732 Am-
1160 2709 1163 2718 ι

137 2753 239 2817 abitio
260 2752 375 2818 multos
389 2751 533 2818 mortalis
554 2751 650 2818 falsos
672 2751 744 2818 fieri
765 2751 907 2838 subegit:
930 2752 1017 2818 aliud
1032 2751 1116 2818 clau-
1243 2739 1244 2824 l

161 2861 231 2902 sum
258 2837 293 2903 in
319 2847 448 2926 pectore
477 2837 564 2904 aliud
591 2839 625 2902 in
652 2837 764 2926 lingua
783 2848 963 2926 promptum
988 2836 1160 2919 haberaee
1243 2835 1244 2876 ³

161 2923 314 2988 amicitias
336 2924 580 3012 inimicitiasque
602 2946 667 2990 non
689 2946 788 2990 exre
810 2923 867 2989 sed
888 2946 930 2990 ex
952 2921 1116 2989 commodo

161 3019 353 3093 aestumare,
389 3011 491 3096 magis
518 3009 641 3075 voltum
678 3033 775 3112 quam
806 3011 967 3096 ingenium
998 3009 1116 3074 bonum

136 3094 288 3162 thabere.
331 3095 422 3160 Haec
442 3095 545 3183 primo
575 3095 740 3182 paullatim
769 3117 929 3176 crescere,
958 3093 1114 3158 interdum

160 3180 331 3266 vindicari3
352 3190 442 3269 post,
470 3179 527 3245 ubi
548 3182 693 3268 contfflo
717 3181 808 3268 quasi
828 3177 1009 3266 pestilentia
1029 3180 1115 3244 inva-

162 3266 219 3350 sit,
242 3268 352 3332 civitae
374 3266 527 3331 inmutata
564 3267 733 3353 imperium
755 3287 797 3330 ex
818 3266 999 3332 iustissumo
1021 3274 1175 3351 etquets'
1243 3323 1244 3340 ,

113 3367 149 3424 ιι
162 3360 290 3438 optumo
312 3350 439 3418 crudele
460 3353 527 3418 into
541 3350 756 3441 erandumque
777 3351 904 3416 factum,
933 3348 999 3415 Sed
1012 3351 1115 3438 primo

161 3437 263 3524 magis
284 3436 412 3505 ambitio
435 3460 531 3527 quam
552 3438 685 3503 avaritia
706 3438 827 3504 animm
842 3435 1002 3502 hominum
1026 3456 1114 3500 exer-

864 3551 928 3564 Q..
