2520 3966
205 164 304 274 rsm
313 171 315 176 ’
494 206 724 274 moratus
744 207 873 274 41-42

226 381 301 445 artis
324 380 484 446 abstracta
499 391 581 466 sunt,
603 405 655 447 res
692 381 808 467 ublioa,
832 403 912 470 quae
932 381 1040 446 media
1054 381 1168 463 firerat,

177 483 194 534 t
227 469 384 532 'acerata
430 467 579 533 Ceterum
600 469 674 534 nob'
692 471 749 534 'tas
771 470 908 534 factione
936 470 1039 554 magis
1069 467 1169 554 polle-

203 554 273 638 bat,
303 555 408 642 plebis
429 557 479 619 vis
503 555 606 620 soluta
627 565 721 642 atque
745 555 889 642 dispersa
910 556 944 618 iu
965 554 1168 619 multitudiue
1242 579 1243 620 1

179 643 307 706 'tminus
343 650 476 728 poterat.
528 641 706 708 Paucorum
741 643 871 708 arbitrio
905 639 983 706 belli
1019 641 1195 728 domique5

204 728 398 813 agitabatur3
420 751 520 815 penes
537 729 667 793 eosdem
683 731 840 793 aerarium
861 729 1048 816 provinciae
1069 729 1169 813 magi·
1242 745 1243 808 ἢ

204 823 330 898 stratus,
353 815 473 899 gloriae
495 815 710 902 triumphique
733 825 824 880 erant
837 854 880 864 —
895 814 1032 902 populus
1055 814 1170 878 militia
1242 811 1243 848 ³

204 911 299 987 atque
320 903 429 988 inopia
458 901 669 987 urguebatur3
699 903 837 989 praedas
864 901 999 967 bellicas
1031 902 1167 988 impera·
1242 899 1243 964 l

179 997 288 1052 stores
312 1010 384 1050 oum
405 991 515 1075 paucis
538 989 730 1075 diripiebant
743 1029 786 1040 -
800 991 923 1053 interea
943 997 1093 1075 parentes
1117 997 1171 1052 aut

203 1075 295 1160 parvi
317 1073 411 1138 liberi
432 1075 585 1158 militum,
616 1077 663 1139 uti
686 1077 818 1162 quisque
840 1076 1012 1163 potentiori
1035 1074 1170 1140 confinis
1242 1117 1243 1156 3

179 1169 286 1245 terat,
310 1162 438 1226 sedibus
460 1161 670 1248 pellebantur.
714 1163 764 1226 Ita
786 1185 858 1227 eum
896 1163 1014 1228 otentia
1036 1162 1215 1234 avaritiam

204 1249 272 1311 sine
294 1247 389 1313 modo
411 1248 630 1335 modestiaque
645 1249 813 1331 invadere,
861 1186 981 1313 olluere
996 1257 1028 1312 et
1041 1257 1171 1312 vastare

204 1335 324 1418 omnia,
347 1335 426 1398 nihil
447 1336 540 1421 pensi
561 1357 664 1420 neque
681 1337 783 1398 sancti
796 1273 925 1420 habere,
950 1333 1055 1422 quoad
1071 1344 1171 1400 semet

164 1423 274 1506 tuipsa
294 1422 525 1507 praecipitavit.
569 1421 652 1485 Nam
680 1421 736 1485 ubi
764 1424 903 1508 primum
932 1445 974 1488 ex
1003 1419 1171 1486 nobilitate

203 1509 322 1593 reperti
350 1515 439 1590 sunt,
471 1509 657 1592 quiveram
679 1507 814 1593 gloriam
843 1510 980 1574 iniustae
1007 1511 1172 1594 potentiae
1242 1513 1243 1590 l

205 1601 449 1680 anteponerent,
473 1596 595 1658 moveri
614 1596 725 1660 civitas
742 1605 773 1659 et
788 1596 943 1660 dissensio
959 1594 1063 1659 civilis
1101 1595 1173 1660 ua‘si
1184 1615 1215 1664 15
1242 1611 1243 1618 ’

152 1695 194 1750 aa
204 1681 374 1768 permixtio
397 1688 500 1744 terrae
524 1683 600 1746 oriri
622 1682 735 1768 coepit.
779 1681 862 1746 Nam
883 1691 1052 1770 postquam
1108 1680 1172 1746 'be-

204 1768 270 1832 rius
302 1775 333 1831 et
363 1766 462 1832 Gaius
493 1766 675 1852 Gracchus,
709 1791 844 1855 quorum
881 1770 1017 1833 maiores
1047 1767 1173 1833 Punico

205 1864 300 1942 atque
330 1853 400 1918 aliis
433 1852 527 1918 bellis
557 1855 691 1918 multum
719 1854 940 1942 reipublicae
970 1854 1173 1938 addiderant,

205 1941 369 2018 vindicare
391 1939 520 2028 plebem
541 1942 575 2004 in
597 1940 778 2005 libertatem
800 1950 832 2006 et
853 1965 1027 2029 paucorum
1048 1941 1175 2006 scelera

205 2027 385 2114 patefacere
403 2049 546 2114 coepere,
568 2026 717 2091 nobilitas
733 2029 832 2092 noxia
846 2036 940 2116 atque
956 2050 994 2093 eo
1034 2028 1172 2111 erculsa,
1184 2049 1214 2100 to

205 2114 299 2179 modo
320 2137 379 2201 per
402 2115 505 2178 socios
529 2135 567 2177 ao
588 2136 705 2177 nomen
726 2114 891 2196 Latinum,
918 2051 1080 2180 interdum
1115 2138 1176 2202 per
1242 2143 1243 2164 ¹

206 2202 327 2288 equites
342 2201 518 2283 Romanos,
542 2221 620 2286 quos
644 2223 716 2285 spes
740 2202 899 2265 societatis
922 2200 1051 2288 aplebe
1071 2200 1175 2266 dimo·

208 2295 304 2365 verat,
329 2285 548 2350 Gracchorum
562 2287 740 2351 actionibus
757 2286 885 2352 obviam
907 2289 996 2370 ierat,
1021 2295 1053 2351 et
1067 2290 1175 2374 primo

206 2372 383 2455 Tiberium,
407 2373 482 2436 dein
503 2395 622 2459 paucos
637 2382 710 2460 post
732 2396 831 2438 annos
856 2374 967 2438 eadem
989 2375 1175 2458 ingredien-

205 2468 269 2522 tem
293 2457 423 2537 Gaium,
446 2459 608 2522 tribunum
631 2459 782 2543 alterum,
813 2459 947 2524 alterum
967 2461 1174 2526 triumvirum
1184 2478 1212 2528 ta

206 2542 337 2608 coloniis
361 2543 574 2630 deducundis,
599 2568 671 2609 oum
691 2546 800 2610 Marco
816 2545 931 2611 Fulvio
946 2545 1064 2610 Flacco
1085 2547 1174 2612 ferro

182 2640 384 2694 enecaverat.
418 2631 461 2696 Et
476 2655 552 2696 sane
576 2631 730 2698 Gracchis
754 2632 902 2719 cupidine
916 2633 1069 2697 victoriae
1085 2632 1176 2698 haud
1242 2631 1243 2636 ’

180 2719 282 2782 ssatis
310 2717 492 2781 moderatus
522 2719 645 2782 animus
669 2719 744 2782 fuit:
777 2718 835 2783 sed
856 2717 940 2784 bono
962 2719 1049 2784 vinci
1071 2721 1174 2784 sat-ius
1242 2767 1243 2770 κ

181 2812 270 2887 test,
295 2827 389 2890 quam
410 2804 494 2869 malo
522 2827 611 2869 more
640 2806 789 2868 iniuriam
817 2805 957 2870 vincere.
1000 2804 1103 2890 Igitur
1135 2829 1175 2870 ea

205 2890 340 2956 victoria
360 2890 509 2956 nobilitas
534 2914 576 2955 ex
597 2891 740 2956 lubidine
764 2914 822 2956 sua
849 2914 909 2955 usa
942 2891 1058 2956 multos
1088 2914 1173 2957 mor·
1183 2913 1212 2963 ao

205 2976 278 3041 talis
307 2977 390 3042 ferro
426 2987 479 3042 aut
511 2977 587 3063 fuga
616 2979 766 3060 extinxit,
801 2976 873 3064 plus
896 3000 937 3042 ue
970 2978 1004 3042 in
1035 2976 1174 3042 relicum

207 3062 268 3128 sibi
303 3065 425 3128 timoris
463 3086 558 3150 quam
598 3065 758 3150 potentiae
801 3063 875 3128 addi
900 3066 931 3128 't
984 3063 1074 3143 Quae
1118 3087 1173 3130 res

205 3149 392 3237 plerumque
436 3173 568 3236 magnas
613 3151 749 3214 ciuitatis
785 3172 915 3237 pessum
949 3151 1056 3233 dedit,
1095 3149 1172 3216 dum

206 3236 297 3300 alteri
333 3236 449 3302 alteros
478 3240 607 3302 vincere
659 3238 750 3300 uoris
773 3237 867 3301 modo
898 3245 930 3300 et
950 3239 1052 3301 victos
1082 3259 1170 3302 acer-

205 3320 276 3387 bius
313 3322 425 3388 ulcisci
460 3323 580 3390 volunt.
637 3260 703 3387 ded
739 3323 779 3388 de
817 3321 928 3388 studiis
964 3323 1103 3410 partium
1140 3332 1211 3396 etas

206 3408 308 3474 omnis
331 3409 468 3474 civitatis
489 3407 631 3474 moribus
661 3409 689 3472 si
718 3407 900 3496 singulatim
927 3419 982 3474 aut
1002 3431 1060 3496 pro
1083 3432 1169 3496 mag·

164 3515 179 3564 ⁵
205 3495 348 3559 nitudine
377 3517 487 3580 parem
517 3495 687 3579 disserere,
718 3504 842 3582 tempus
873 3517 968 3582 quam
996 3517 1048 3560 res
1070 3504 1169 3560 matu·
