2502 3968
216 253 258 320 36
559 248 765 315 camma
786 248 829 314 52
862 191 864 196 Δ

216 425 302 490 talisi
332 445 391 490 vos
421 443 480 508 ego
510 419 653 507 adpelle,
687 422 742 506 qui
771 441 897 507 semper
924 421 1036 488 domos
1066 424 1173 510 villas,

137 588 140 595 Ι
218 513 309 597 signa
337 507 462 575 tabulas
490 515 615 572 vostras
649 505 749 592 pluris
783 528 878 594 quam
909 529 979 572 rem
1009 509 1175 596 publicam

217 595 353 662 fecistis:
385 596 412 658 si
433 593 509 675 ista,
541 593 765 678 cuiuscumque
791 592 878 658 modi
906 603 981 658 sunt
1003 617 1084 680 quae
1108 620 1175 661 am·

210 681 408 770 plexamini,
443 680 596 762 retinere,
634 679 662 742 si
689 677 903 764 voluptatibus
929 683 1045 744 vostris
1076 684 1176 747 otium

210 766 373 856 'praebere
394 764 507 848 voltis,
539 787 579 828 ex
603 765 796 849 ergisoimini
817 763 987 850 aliquando
1010 776 1042 830 et
1064 787 1197 854 capes-o

195 855 279 928 asite
301 874 369 917 rem
389 851 560 938 publicam.
579 787 660 914 lion
674 850 778 935 agitur
792 848 832 914 de
846 851 1054 936 vectigalibus
1069 875 1176 940 neque

220 940 260 1005 de
290 939 447 1004 sociorum
474 937 617 1002 iniuriis:
650 934 780 1001 libertas
810 944 843 1000 et
871 937 976 1000 anima
1003 941 1177 1004 nostrasin

195 1025 315 1099 adubio
338 1033 396 1088 est.
441 1021 693 1109 Saepenumero,
723 1030 830 1108 patres
858 1024 1045 1109 conscripti,
1074 1025 1177 1090 multa

219 1111 318 1176 verba
344 1111 378 1173 in
406 1109 468 1173 hoc
495 1108 604 1173 ordine
632 1107 711 1191 feci,
745 1129 841 1193 saepe
871 1106 911 1171 de
932 1106 1059 1174 luxmia
1080 1119 1177 1197 atque

220 1196 353 1262 avaritia
373 1203 553 1260 nostrorum
576 1195 692 1258 civium
722 1203 851 1280 questus
879 1215 966 1276 sum,
995 1195 1217 1284 multosquerc

196 1281 360 1357 emortalis
383 1303 421 1346 ea
443 1303 556 1345 caussa
577 1280 729 1345 advorsos
755 1279 875 1362 habe03
906 1281 960 1366 qui
981 1281 1060 1345 mibi
1081 1291 1178 1368 atque

220 1369 324 1434 animo
346 1389 417 1431 meo
439 1365 557 1430 nullius
578 1387 728 1467 umquam
747 1363 856 1430 delicti
870 1367 1004 1450 gratiam
1017 1367 1177 1452 fecissem,

220 1454 305 1519 haud
325 1451 420 1517 facile
442 1451 570 1517 alterius
593 1452 727 1517 lub1dini
748 1450 832 1516 mele
847 1451 932 1515 facta
946 1452 1177 1519 condonabam.

195 1539 287 1616 oSed
321 1561 360 1602 ea
387 1540 513 1603 tametsi
541 1560 600 1602 vos
627 1539 720 1624 parvi
748 1537 952 1624 pendebatis,
984 1547 1092 1603 tamen
1123 1562 1177 1604 res

243 1625 351 1690 ublica
372 1624 464 1688 firma
479 1633 562 1688 erat:
587 1622 747 1709 opulentia
760 1622 995 1710 neglegentiam
1009 1624 1177 1690 tolerabat.
1190 1645 1217 1695 rs

184 1647 314 1788 pillunc
334 1731 412 1776 vero
433 1730 499 1774 non
519 1708 554 1773 id
576 1705 695 1795 agitur,
717 1707 851 1774 bonisne
873 1731 914 1773 an
928 1710 1020 1774 malis
1034 1712 1178 1776 moribus

221 1799 382 1879 vivamus,
405 1818 446 1860 ne
468 1817 509 1860 ue
531 1805 683 1881 quantum
705 1803 759 1859 aut
801 1817 876 1860 uam
894 1795 1098 1882 magnificum
1119 1798 1178 1862 im-
1242 1795 1243 1808 ¹

221 1885 344 1972 perium
363 1903 429 1985 pop
466 1883 473 1897 '
502 1881 637 1946 Romani
666 1881 723 1964 sit,
754 1817 812 1947 sed
841 1881 922 1946 haec
951 1884 1179 1970 cuiuscumque

221 1970 308 2036 modi
339 1967 503 2052 vrdentur,
533 1976 657 2052 nostra,
691 1989 733 2032 an
760 1968 927 2033 nobiscum
955 1991 1020 2033 una
1040 1969 1180 2034 hostium
1242 1975 1243 1986 ¹

220 2058 326 2122 filium
347 2057 420 2120 Sint.
1189 2079 1220 2129 20

184 2156 209 2204 ιι
285 2143 349 2207 Hic
370 2142 448 2206 mihi
470 2142 636 2228 quisquam
650 2140 923 2206 mansuetudinem
949 2148 980 2206 et
1001 2141 1179 2206 misericor·
1242 2155 1243 2162 ’

223 2229 308 2294 diam
328 2230 479 2293 nominat
515 2227 723 2313 Iampridem
745 2227 892 2312 equidem
912 2250 972 2291 nos
992 2249 1071 2292 vera
1083 2248 1180 2292 voca·

221 2313 300 2379 bula
320 2335 426 2378 rerum
441 2313 619 2397 amisimus;
642 2314 717 2399 quia
737 2312 823 2377 bona
844 2311 948 2376 aliena
969 2311 1079 2398 largin'
1100 2311 1179 2378 libe

222 2399 348 2482 ralitas,
381 2400 536 2463 malarum
563 2420 670 2463 rerum
698 2398 831 2463 audacia
846 2397 1007 2463 ⁴fortitudo
1035 2407 1179 2482 vocabar,

186 2500 262 2551 tneo
284 2507 335 2549 res
357 2485 486 2570 publica
506 2483 541 2546 in
564 2492 705 2549 extremo
728 2485 788 2548 sita
810 2493 866 2548 est.
901 2483 971 2549 Sint
986 2507 1079 2568 sane,
1103 2502 1220 2571 quo-25

223 2573 310 2636 niam
339 2572 384 2634 ita
411 2591 444 2634 se
474 2591 579 2636 mores
608 2569 740 2652 habent,
774 2569 922 2634 liberales
952 2593 994 2634 ex
1020 2570 1180 2636 sociorum

224 2657 372 2738 fortunis,
395 2657 459 2720 sint
479 2655 700 2721 misericordes
722 2656 756 2720 in
778 2655 899 2720 finibus
921 2657 1037 2720 aerari:
1067 2678 1109 2720 ne
1131 2655 1181 2720 illi

225 2743 411 2828 sarrguinem
432 2751 575 2808 nostrum
596 2741 771 2827 largiantur
785 2750 825 2823 et,
849 2740 925 2805 dum
938 2743 1047 2827 paucis
1064 2739 1180 2806 coeles

186 2830 265 2896 {stis
293 2837 443 2915 parcunt,
472 2828 573 2893 bonos
603 2829 704 2892 omnis
730 2827 889 2913 perditum
911 2837 993 2891 eant.
1036 2827 1127 2891 Bene
1150 2835 1182 2892 et

226 2915 388 3002 conposite
411 2913 510 2978 Gaius
534 2913 653 2979 Caesar
680 2912 787 2999 paullo
818 2921 890 2977 ante
917 2914 951 2978 in
979 2912 1040 2976 hoc
1069 2911 1182 2977 ordine
1190 2933 1220 2986 3ο

226 3001 266 3066 de
287 3002 354 3067 vita
375 3009 407 3065 et
432 3008 532 3066 morto
561 3000 723 3081 disseruit,
754 2998 849 3063 oredo
878 2997 959 3062 falsa
985 2999 1181 3062 existumans

227 3109 274 3172 ea,
298 3109 378 3173 quae
394 3086 434 3151 de
448 3085 557 3150 inferis
572 3093 794 3168 memorantur,
810 3084 937 3150 divorso
952 3085 1064 3148 itinere
1078 3083 1181 3149 malos

187 3191 246 3240 ua
266 3172 359 3238 bonis
381 3172 453 3237 loca
473 3181 556 3236 tetra
576 3171 710 3253 inculta,
740 3170 834 3235 foeda
861 3179 955 3256 atque
977 3169 1183 3235 formidolosa

225 3257 353 3324 habere.
390 3258 500 3343 Itaque
524 3258 646 3322 censuit
665 3257 817 3342 pecunias
840 3278 948 3320 eorum
962 3253 1182 3341 publicandas,
1242 3255 1243 3300 l

226 3347 314 3431 ipsos
335 3365 393 3429 per
407 3344 525 3408 munici
547 3343 579 3406 ia
599 3343 634 3406 in
655 3342 805 3406 custodiis
830 3341 1009 3424 habendos,
1032 3340 1224 3411 videlicetss

227 3431 358 3511 timens,
381 3449 438 3512 ne,
463 3430 489 3494 si
510 3365 631 3492 Idbmae
654 3428 731 3512 sint,
763 3435 817 3491 aut
839 3448 858 3490 a
878 3425 1085 3513 popularibus
1109 3448 1184 3492 con·

228 3513 392 3578 iurationis
414 3522 469 3578 aut
490 3535 510 3577 a
530 3512 730 3578 multitudine
760 3510 915 3578 eonducta
940 3535 999 3599 per
1027 3512 1095 3577 vim
1122 3513 1183 3578 eri·
