2502 3968
433 203 760 303 cinnami-s
1055 207 1074 279 r

115 382 276 451 solescere
310 386 450 450 animum
485 385 667 451 humanum.
719 383 785 451 Sed
818 405 857 450 ea
888 392 1134 472 tempestatem

115 491 253 559 coepere
275 493 310 537 se
332 473 466 558 quisque
488 470 642 538 extollere
663 471 765 557 magis
794 471 959 558 magisque
987 472 1075 558 inge-

114 557 204 622 nium
225 559 260 620 in
280 567 426 644 promptu
448 555 575 623 habero.
618 557 701 622 Nam
722 557 851 644 regibus
878 556 955 621 boni
981 575 1101 642 quamz

114 642 193 708 mali
215 645 424 730 suspectiores
447 653 535 728 sunt,
566 664 754 731 semperque
781 644 827 708 eis
850 642 955 707 aliena
973 642 1075 707 virtus

90 727 320 800 sformidolosa
346 738 402 794 est.
447 727 513 794 Sed
542 731 653 794 civitas
681 727 869 794 incredibile
901 737 1101 800 memoratus

116 823 165 880 est
193 813 310 901 adepta
337 813 484 880 libertate
511 825 663 902 quantum
687 816 781 882 brevi
807 816 959 899 ereverit3
987 823 1076 879 tanta

114 899 232 988 cupido
266 900 386 986 gloriae
414 903 597 967 incesserat
650 901 720 968 Iam
748 902 887 989 primum
918 902 1102 984 iuventius

114 985 210 1051 simul
233 1008 271 1050 ac
290 986 369 1052 belli
390 989 514 1074 pafiens
537 997 620 1071 erat,
650 989 685 1053 in
713 989 826 1053 castris
854 1009 913 1076 per
934 986 1077 1054 laborem

113 1094 175 1137 usu
195 1071 342 1137 militiam
363 1073 515 1158 discebat,
538 1075 703 1161 magisque
724 1075 758 1139 in
781 1073 904 1140 decoris
927 1075 1023 1140 armis
1046 1081 1077 1138 et

74 1158 303 1228 romilitaribus
333 1161 439 1244 euis,
470 1182 565 1246 quam
592 1161 627 1224 in
656 1161 768 1225 soortis
798 1169 893 1248 atque
922 1160 1076 1226 conviviis

113 1243 290 1310 lubidinem
311 1182 481 1311 hadabert.
525 1246 627 1332 Igitur
654 1246 771 1312 talibus
800 1247 878 1312 viris
899 1268 965 1312 non
987 1242 1101 1312 laboss

112 1330 276 1415 insolitus,
298 1352 364 1396 non
385 1331 473 1397 locus
495 1331 580 1396 ullus
603 1354 696 1419 asper
711 1343 765 1398 aut
780 1333 897 1399 arduus
914 1341 990 1416 erat,
1012 1354 1077 1396 non

114 1425 254 1482 armatus
275 1416 375 1482 hostis
397 1416 636 1483 formidolosus:
658 1420 760 1484 virtus
777 1419 883 1485 omnia
903 1418 1076 1483 domuerat.

114 1501 181 1568 Sed
210 1502 331 1588 gloriae
359 1525 544 1568 maxumum
574 1514 734 1570 certamen
762 1506 846 1571 inter
873 1505 960 1656 ipsos
992 1513 1101 1570 erat:s

73 1610 187 1659 tesese
238 1590 350 1676 uisque
372 1589 496 1655 hostem
518 1590 612 1655 ferire
635 1613 760 1656 murum
782 1613 879 1657 ascen
902 1614 973 1676 ere,
1004 1613 1076 1656 con-

114 1676 196 1762 spici
217 1612 293 1740 dum
315 1675 378 1742 tale
399 1675 521 1741 facinus
539 1677 667 1760 faceret,
689 1678 897 1765 properabat;
921 1701 975 1743 eas
999 1677 1076 1743 divi-

113 1763 191 1845 tias,
234 1785 305 1826 eam
338 1763 455 1829 bonam
484 1763 601 1828 famam
633 1785 845 1852 magnamque
877 1763 1076 1831 nobilitatem

113 1846 410 1935 putabant31audis
434 1848 520 1914 avidi
565 1851 695 1915 ecuniae
717 1849 865 1916 liberales
889 1860 986 1934 erant,
1010 1849 1076 1936 glo-

113 1935 196 1998 riam
217 1935 520 2024 ingentcmdivitias
535 1873 685 2000 densatas
700 1936 861 2002 volebant.
897 1936 1100 2002 Memoraret

69 2041 259 2108 adpossem,
293 2021 408 2107 quibus
435 2021 469 2085 in
499 2020 577 2086 locis
607 2043 772 2086 maxumas
801 2022 939 2087 hostium
968 2022 1076 2110 copias

113 2105 251 2195 populus
279 2105 441 2173 Romanus
470 2129 570 2193 parva
598 2129 696 2173 manu
724 2107 856 2191 fuderit,
886 2130 965 2196 quas
987 2107 1076 2172 urbis

113 2202 230 2276 natura
249 2195 386 2258 munitas
407 2216 452 2280 pu
497 2193 579 2258 ando
602 2195 738 2281 ceperit,
761 2193 796 2258 ni
818 2217 856 2259 ea
876 2217 928 2260 res
950 2194 1076 2282 longius

112 2301 173 2346 nos
196 2279 331 2344 abinoe
353 2289 385 2344 to
407 2289 437 2344 tr
480 2288 555 2344 eret.

179 2363 245 2431 Sed
266 2302 407 2452 proidcto
429 2366 556 2431 fortuna
576 2365 611 2430 in
633 2365 720 2431 omni
747 2389 783 2432 re
812 2366 1009 2451 dominatum
1039 2375 1106 2432 eas

69 2471 167 2524 aeres
190 2460 319 2516 cunctas
342 2473 385 2517 ex
405 2450 548 2516 lubidine
571 2453 691 2538 [magis]
715 2473 810 2540 quam
832 2475 873 2517 ex
893 2476 971 2520 vero
995 2451 1075 2518 cele-

114 2537 188 2604 brat
210 2536 428 2625 obscuratque.
472 2536 716 2602 Atheniensium
743 2560 795 2603 res
825 2549 951 2626 gestae,
984 2541 1101 2604 sioutia

116 2647 134 2689 e
156 2645 176 2689 o
192 2632 344 2706 aestumo,
360 2624 436 2689 satis
451 2623 577 2710 amplae
588 2623 839 2714 magnificaeque
853 2625 951 2709 fuere,
966 2647 1077 2691 verum

115 2647 277 2797 nSquanto
298 2710 437 2775 minores
459 2719 567 2776 tamen
582 2731 677 2798 quam
703 2709 789 2776 fama
816 2709 968 2776 feruntur.
1013 2709 1101 2778 Sede

116 2797 191 2882 quia
211 2817 388 2883 provenere
408 2794 454 2860 ibi
484 2796 672 2898 scriptorum
699 2819 817 2886 magna
843 2797 988 2885 ingenia,
1017 2819 1076 2884 per

70 2891 271 2956 soterrarum
299 2880 409 2948 orbem
436 2881 681 2947 Athemensium
712 2882 796 2949 iacta
825 2906 885 2973 pro
917 2883 1075 2948 maxumis

117 2967 327 3034 celebrantur.
370 2967 421 3033 lta
442 2991 560 3052 eorum,
585 2969 640 3056 qui
663 2989 702 3034 ea
722 2968 843 3050 iecere,
866 2971 967 3034 virtus
989 2977 1102 3035 tantas

115 3053 267 3138 habetur,
311 3063 441 3119 uantum
462 3053 570 3120 verbis
591 3061 723 3142 potuere
739 3053 891 3121 extollere
912 3054 1078 3142 praeclara

115 3141 254 3228 ingenia.
317 3150 330 3206 t
350 3139 468 3229 populo
483 3140 626 3206 Romano
641 3163 813 3229 numquam
836 3162 875 3206 ea
895 3142 987 3230 copia
1008 3140 1101 3225 fuit‚5

117 3227 192 3315 quia
206 3224 480 3330 prudentissumus
492 3227 625 3316 quisque
636 3249 786 3294 maxume
800 3227 983 3313 negotiosus
999 3236 1075 3311 erat,

72 3313 280 3400 asingemum
314 3334 408 3377 nemo
444 3311 513 3378 sine
542 3333 675 3402 corpere
709 3310 895 3379 exercebat·
930 3321 1076 3402 optumus

116 3400 250 3487 quisque
271 3397 376 3464 iacere
399 3419 494 3487 quam
509 3397 631 3484 dicere,
655 3421 713 3465 sua
734 3399 774 3465 ab
798 3399 867 3465 aliis
888 3364 972 3468 bene
993 3400 1078 3466 iacta
1129 3399 1130 3402 ’

116 3483 241 3551 laudari
263 3505 358 3571 quam
378 3484 448 3574 ipse
470 3479 605 3552 aliorum
625 3507 755 3552 narrare
776 3484 925 3554 malebat.
