2502 3968
180 329 222 392 20
468 327 673 392 GATILINA
694 326 830 392 30-32

180 497 399 561 coniurationis
419 498 577 583 principes
599 505 752 562 convocat
771 517 868 581 penes
889 495 1031 560 Marcum
1045 496 1121 561 Por-

94 582 262 666 (ffloium
282 581 408 664 Lecam,
430 581 536 667 ibique
555 581 653 646 multa
674 581 714 645 de
727 581 856 666 ignavia
869 601 975 652 eorum
991 591 1121 666 questus

178 666 282 748 docet,
305 688 339 730 se
352 665 504 730 Manlium
517 667 716 751 praemisisse
737 664 779 729 ad
797 685 867 728 eam
881 664 1121 749 multitudinem,

199 775 271 815 uam
298 750 339 814 ad
367 751 522 836 capiunda
548 773 637 814 arma
663 760 846 837 paraverat,
875 751 950 814 item
979 749 1057 814 alios
1086 753 1121 816 in

178 775 239 900 ilia
260 835 330 900 loca
351 844 513 919 oportuna,
536 837 591 921 qui
612 837 734 900 initium
754 835 832 899 belli
853 833 1000 915 facerent,
1022 855 1148 920 seques

178 920 219 984 ad
239 921 413 982 exercitum
433 920 590 1005 proficisci
612 941 742 1005 cupere,
773 921 800 982 si
825 919 911 1004 prius
934 917 1122 984 Ciceronem

179 1004 400 1089 oppressissem
424 1026 495 1070 eum
510 1007 573 1068 suis
589 1005 726 1068 consiliis
741 1003 873 1068 multum
886 1003 1031 1068 obficere.
1058 1004 1121 1088 Igi-

69 1099 229 1174 (asfltur
248 1090 420 1173 perterritis
442 1112 480 1154 ac
510 1089 723 1154 dubitantibus
756 1088 884 1168 ceteris,
914 1086 1012 1152 Gaius
1042 1087 1122 1152 Oor-

177 1171 278 1237 nelius
301 1195 396 1258 eques
410 1173 570 1238 Romanus
585 1196 712 1260 operam
726 1196 816 1236 suam
829 1172 987 1258 pollicitus
1002 1182 1121 1239 etcum

176 1280 216 1324 eo
236 1257 352 1322 Lucius
373 1258 583 1344 Vargunteius
605 1268 730 1334 senator
758 1258 945 1321 constituere
968 1279 1007 1320 ea
1026 1267 1120 1323 nocte
1134 1283 1166 1332 ιο

177 1341 282 1443 paullo
303 1352 375 1428 post
396 1365 467 1406 cum
489 1345 614 1408 armatis
635 1342 813 1408 hominibus
840 1342 931 1406 sicuti
952 1341 1120 1407 salutatum

177 1427 305 1492 ntroire
332 1427 373 1490 ad
396 1426 580 1493 Ciceronem
602 1449 640 1492 ao
666 1427 759 1490 dein
782 1427 887 1490 reviso
915 1425 1021 1489 domui
1042 1449 1120 1491 suac

93 1513 352 1596 (2)5inparatum
380 1513 555 1576 confodere.
600 1511 713 1576 Ourius
741 1451 797 1576 uli
824 1509 992 1594 intellegit,
1021 1533 1119 1596 quan-

175 1601 241 1660 tum
261 1595 393 1680 periculi
414 1595 534 1660 consuli
552 1597 729 1682 inpendeat,
751 1618 885 1682 propere
903 1616 960 1682 per
972 1595 1119 1660 Fulviam

92 1681 321 1765 (³)oCiceroni
350 1679 471 1762 dolum,
502 1682 556 1768 qui
582 1681 767 1768 parabatur,
797 1681 945 1744 enuntiat
994 1679 1044 1744 Ita
1070 1681 1120 1744 illi
1133 1703 1164 1750 15

176 1767 269 1828 ianua
293 1763 443 1850 prohibiti
467 1775 587 1830 tantum
614 1768 735 1830 lacinus
762 1765 878 1829 frustra
906 1775 1118 1851 susceperant.

33 1864 162 1932 (Mam
238 1849 367 1913 Postero
390 1848 440 1912 die
463 1849 682 1914 dissimulandi
701 1873 812 1914 caussa
827 1848 971 1934 Catilina,
994 1858 1047 1914 aut
1069 1853 1120 1914 sui

177 1931 371 2019 capmgandi
393 1935 493 1998 sicubi
513 1936 562 1998 iur
585 1936 613 1998 'o
634 1934 796 1998 lacessitus
811 1933 905 2017 foret,
927 1935 960 1998 in
975 1943 1117 2000 senatum

92 2021 272 2103 (oleenit.
302 2019 383 2082 utun
404 2019 530 2084 Marcus
619 2021 665 2082 'us
688 2019 796 2084 consul
819 2021 885 2083 sive
906 2020 1118 2106 praesentiam

177 2106 243 2168 eius
265 2105 376 2168 timens
398 2105 465 2169 sive
487 2105 535 2169 ira
556 2112 727 2168 commotus
750 2105 920 2168 orationem
941 2103 1050 2168 habuit
1069 2103 1117 2167 lu·
1129 2129 1163 2178 ¹20

177 2187 333 2252 oulcntam
362 2196 393 2251 at
414 2211 454 2252 ue
482 2187 591 2254 utilem
617 2190 665 2252 rei
692 2188 853 2274 publicae,
886 2210 979 2274 quam
1006 2197 1118 2274 postea

91 2274 322 2358 (inscriptam
344 2213 449 2337 edidit.
493 2270 558 2338 Sed
584 2273 640 2338 ubi
660 2271 713 2336 ille
736 2272 872 2355 adsedit,
903 2272 1053 2356 Catilina,
1082 2283 1118 2336 ut

176 2367 242 2420 erat
262 2365 388 2442 paratus
411 2357 451 2421 ad
472 2357 696 2424 dissimulanda
722 2359 839 2440 omnia,
867 2357 1002 2422 demisso
1028 2356 1116 2422 voltu

174 2462 252 2506 voce
275 2439 408 2527 supplici
422 2441 586 2590 postulare
609 2465 628 2504 a
641 2441 782 2526 patribus
803 2443 919 2528 coepit,
940 2464 981 2506 ne
1026 2442 1058 2505 'd
1076 2441 1115 2506 de

176 2548 209 2590 se
230 2534 347 2589 temere
369 2547 421 2589 cre
445 2536 546 2590 erent:
570 2549 608 2590 ea
628 2525 746 2590 familia
768 2535 884 2608 ortum,
913 2528 958 2590 ita
978 2550 998 2590 a
1040 2525 1161 2596 adu-25
1183 2570 1185 2574 ·

175 2610 326 2675 lesccntia
352 2611 449 2674 vitam
477 2612 663 2694 instituisse,
692 2620 727 2674 ut
755 2612 859 2675 omnia
885 2611 971 2676 bona
998 2611 1031 2674 in
1059 2633 1119 2695 spa

175 2693 319 2777 haberet,
341 2716 381 2758 ne
397 2697 628 2779 existumarent,
644 2696 713 2778 sibi,
732 2697 863 2782 patricio
887 2695 1005 2759 homini
1027 2698 1115 2762 cuius

175 2781 185 2843 i
208 2781 271 2844 sius
294 2789 386 2866 atque
408 2781 559 2844 maiorum
579 2781 723 2881 pluruma
747 2779 894 2844 benificia
914 2782 947 2844 in
965 2779 1115 2866 populum

175 2803 348 2930 llomanum
364 2873 476 2946 essent,
498 2865 621 2951 perdita
641 2889 674 2930 re
696 2865 824 2951 publica
846 2887 924 2950 opus
940 2886 1021 2946 esse,
1044 2887 1116 2928 cum
1245 2919 1246 2922 ,

176 2972 244 3014 eam
266 2958 405 3013 servaret
426 2949 550 3013 Marcus
572 2949 708 3032 Tullius,
735 2951 904 3038 inquilinus
927 2952 1004 3013 civis
1025 2949 1159 3020 urbisao
1245 2951 1246 2954 ’

90 3055 139 3121 (⁸)
149 3056 165 3107 4
174 3035 301 3100 Romac.
312 3032 364 3096 Ad
374 3033 435 3098 hoc
445 3034 526 3097 male
536 3035 619 3099 dicta
630 3035 692 3098 alia
703 3058 773 3098 cum
784 3035 921 3118 adderet,
934 3033 1109 3120 obstrepent

91 3140 299 3206 (s)somnes,
328 3117 448 3182 hostem
477 3128 570 3206 atque
595 3119 766 3206 paricidam
791 3141 914 3184 vocare.
957 3119 1038 3182 Tum
1060 3119 1110 3182 ille

174 3203 358 3270 furibundus
388 3199 557 3282 'Quoniam
587 3204 712 3292 quidem
742 3200 975 3270 circumventus'
1015 3206 1116 3292 inquit

170 3286 223 3355 'ab
245 3289 378 3353 inimicis
399 3309 550 3376 praeceps
572 3312 663 3374 agor,
691 3289 868 3354 incendimn
894 3311 999 3352 meum
1024 3291 1115 3353 luins

172 3367 378 3459 restinguam.’

123 3479 164 3534 οε
235 3459 320 3522 Dein
350 3479 384 3522 se
411 3480 452 3524 ex
480 3461 566 3524 cruia
587 3461 713 3524 domum
733 3458 894 3546 proripuit.
937 3457 987 3522 Ibi
1016 3456 1115 3521 multa

174 3549 242 3632 ipse
270 3565 376 3607 seeum
403 3543 548 3626 volvens,
582 3543 665 3632 quod
696 3565 798 3630 neque
829 3541 961 3606 insidiae
993 3542 1114 3605 consuli
