2502 3968
404 1059 797 1144 PRAEFATIO

169 1431 239 1506 Gai
266 1431 417 1506 Sallusti
436 1431 557 1530 Crispi
580 1431 716 1530 scripta
742 1433 837 1505 inter
855 1433 1113 1508 historicorum

87 1556 343 1629 Romanorum
369 1551 544 1650 reliquias
571 1553 694 1627 adhue
710 1580 882 1652 pessume
901 1554 1028 1630 habita
1046 1556 1113 1630 cir-
1218 1631 1220 1634 ,

89 1673 262 1749 cumserri
290 1673 377 1746 satis
403 1682 518 1772 patet,
555 1675 730 1770 quoniam
756 1673 841 1748 libri
870 1676 934 1772 qui
961 1676 1036 1750 huc
1062 1677 1113 1750 fa-

87 1795 191 1869 citmt
216 1819 331 1866 manu
358 1793 483 1891 scripti
508 1819 576 1891 per
607 1793 767 1892 populos
802 1820 918 1892 regna
944 1797 1111 1872 nationes

87 1913 244 2012 dispersi
262 1923 328 1986 aut
344 1914 510 1986 nondum
529 1913 650 1987 denuo
669 1914 825 2012 inspecti
845 1925 1112 2012 sunt-quem

85 2021 286 2108 admodum
322 2032 597 2108 Oommelianus
634 2044 670 2107 et
701 2033 926 2108 Nazarianus
963 2032 1109 2109 Gruteri

83 2154 228 2228 Romae
255 2151 466 2228 delitescere
493 2153 686 2243 videntur,
705 2197 755 2208 -
773 2165 940 2228 autnon
968 2181 1010 2228 ea
1037 2175 1110 2253 qua

82 2301 154 2373 par
187 2273 257 2347 fnit
292 2300 379 2348 cura
413 2274 557 2368 conlati,
592 2285 635 2347 ut
666 2273 817 2348 iudicari
851 2284 962 2372 atque
989 2286 1109 2349 aestu-

81 2395 176 2469 mari
210 2394 450 2493 probabiliter
485 2396 637 2495 possint.
684 2391 794 2483 Quod
828 2395 870 2489 si,
905 2405 947 2468 ut
981 2395 1019 2468 in
1045 2397 1110 2470 tali

82 2541 143 2612 re,
184 2516 283 2590 iusta
314 2526 435 2589 textus
476 2542 586 2614 quem
622 2525 759 2590 vocant
797 2516 963 2592 recensio
1000 2517 1107 2590 etiam

80 2661 185 2710 nune
210 2635 337 2710 haberi
362 2637 501 2734 nequit,
531 2636 588 2710 vel
615 2636 668 2712 sic
685 2647 808 2711 tamen
835 2636 1107 2712 honestissuma

79 2757 233 2832 librario
260 2783 398 2832 novam
425 2756 575 2832 Sallusti
611 2757 806 2831 editionem
834 2757 1042 2831 scholarum
1067 2757 1107 2830 in

79 2902 193 2952 usum
215 2877 359 2977 paranti
377 2888 489 2975 atque
506 2903 628 2952 meam
646 2903 799 2975 operam
817 2878 960 2974 roganti
979 2878 1104 2950 deesse

77 2997 204 3094 nolui,
241 3023 325 3073 cum
359 2998 523 3096 aliquam
548 2998 623 3071 iam
654 3008 739 3075 ante
765 2998 804 3070 in
831 2999 902 3072 hoc
927 2997 1106 3095 scriptore

77 3143 238 3218 operam
269 3118 474 3217 posuissem
508 3144 551 3193 ac
589 3143 735 3217 sperare
766 3116 893 3192 liceret
926 3119 1105 3216 quaedam

75 3238 144 3312 hie
169 3236 246 3312 illio
273 3263 498 3336 quamquam
525 3238 721 3313 desultoria
748 3237 891 3312 ratione
919 3237 1105 3311 emendari

76 3369 193 3457 atque
219 3358 354 3433 rectius
381 3357 628 3433 administrari
645 3384 765 3457 posse,
795 3384 869 3458 quo
887 3383 1012 3431 rernm
1029 3359 1103 3433 Ro·

75 3505 277 3554 manarum
303 3479 566 3554 florentissumi
592 3478 749 3554 auctoris
780 3478 953 3576 reliquiae
978 3477 1103 3578 paullo
