2520 3966
212 259 255 328 ἃ)
499 265 727 334 IVGVRTHA
747 261 871 330 sl-ts
1181 253 1216 274 ‘⁴

212 443 363 518 quantum
383 439 535 523 temporis
555 443 747 505 aestivorum
772 440 806 502 in
833 437 967 523 imperio
995 437 1070 520 luit,
1098 435 1170 523 ple·

211 541 345 607 rumque
358 521 474 586 milites
490 525 613 590 stativis
627 526 738 590 castris
752 523 900 605 habebat,
922 522 986 586 nisi
1000 545 1073 586 cum
1088 521 1170 587 odos

189 615 268 668 snut
294 605 404 692 pabuli
436 619 560 694 egestas
586 610 692 676 locum
723 620 846 675 mutare
878 607 1057 693 subegerat
1101 606 1172 672 Sed

212 713 253 754 ne
275 713 316 755 ue
336 693 558 762 muniebantur
579 719 631 782 ea,
653 719 758 784 neque
778 717 867 759 more
887 693 1016 757 militari
1036 692 1171 778 vigiliae

213 777 234 840 d
275 775 465 864 ucebantur3
486 783 533 846 uti
555 784 668 870 cuique
689 782 833 864 lubebat,
856 779 897 844 ab
920 779 1018 863 signis
1040 777 1195 861 aberat35

213 862 297 926 lixae
317 865 466 948 permixti
488 890 560 933 cum
580 869 732 934 militibus
754 868 809 931 diu
828 875 987 952 noctuque
1006 863 1171 949 vagaban-

212 959 278 1030 tur3
300 948 444 1035 palantes
459 976 552 1040 agros
566 967 701 1039 vastare,
723 953 818 1020 villas
833 972 1027 1039 expugnare,
1040 951 1171 1037 pecoris

212 1045 245 1098 et
265 1036 493 1123 mancipiorum
513 1042 648 1128 praedas
663 1051 820 1106 certantes
842 1060 954 1124 agere,
977 1058 1079 1124 eaque
1100 1057 1171 1100 mu-

212 1131 279 1184 tare
294 1143 366 1206 eum
380 1124 607 1194 mercatoribus
621 1129 696 1192 vino
713 1126 888 1191 advecticio
904 1133 937 1187 et
950 1122 1020 1187 aliis
1034 1121 1172 1204 talibus,

210 1217 374 1294 praeterea
391 1211 582 1279 fulmentum
602 1213 730 1299 publice
752 1212 859 1277 datum
880 1208 1029 1291 vendere,
1050 1229 1172 1294 panem
1185 1237 1212 1287 ιο

210 1295 245 1357 in
265 1295 332 1359 dies
352 1299 503 1364 mercari:
548 1311 685 1365 ostremo
707 1317 923 1387 quaecumque
938 1295 1003 1359 dici
1022 1304 1077 1358 aut
1090 1293 1172 1378 fingi

212 1390 330 1466 queunt
350 1383 497 1466 ignaviae
519 1323 726 1473 dandaque
762 1384 867 1467 robra,
889 1403 928 1446 ea
949 1382 984 1445 iu
1004 1379 1061 1444 illo
1077 1401 1171 1446 exer·
1241 1401 1242 1452 3

165 1478 202 1534 tt
213 1467 277 1529 citu
299 1478 412 1530 cuncta
433 1469 521 1534 fuere
544 1481 575 1535 et
597 1473 659 1537 alia
680 1495 753 1558 amp
768 1473 825 1534 'us
873 1467 939 1534 Sed
965 1468 1000 1530 in
1026 1487 1065 1531 ea
1087 1465 1171 1532 diffi-

213 1549 328 1614 cultate
349 1552 513 1620 Metellum
534 1579 599 1621 non
614 1561 717 1623 minus
734 1579 829 1644 quam
843 1557 877 1618 in
890 1552 985 1618 rebus
1000 1551 1171 1618 hostilibus

212 1659 361 1722 magnum
382 1649 414 1704 et
435 1642 609 1728 sapientem
629 1646 733 1709 virum
752 1643 850 1707 fuisse
873 1641 1052 1727 conperior,
1080 1648 1211 1712 tanta15

213 1727 422 1810 temperantia
442 1727 526 1791 inter
547 1727 751 1794 ambitionem
773 1728 1000 1814 saevitiamque
1022 1725 1170 1790 modera-

188 1819 295 1895 2tum3
327 1833 465 1898 namque
503 1814 605 1880 edicto
638 1817 775 1902 primum
807 1813 989 1878 adiumenta
1018 1812 1170 1897 ignavia

212 1896 392 1983 sustulisse,
414 1921 455 1964 ne
478 1903 644 1987 quisquam
665 1903 699 1965 in
721 1901 832 1965 castris
860 1921 976 1986 panem
997 1907 1052 1964 aut
1073 1921 1171 1984 quem

213 1983 309 2049 alium
331 1995 455 2052 coetum
478 1986 584 2052 cibum
612 1986 779 2072 venderet,
809 2007 851 2050 ne
877 1984 963 2050 lixae
992 1987 1171 2050 exercitum

213 2081 432 2157 sequerentur,
455 2095 497 2137 ne
518 2073 611 2137 miles
633 2075 797 2159 gregarius
826 2073 860 2135 iu
890 2071 1001 2136 caenis
1028 2093 1113 2136 neve
1135 2074 1210 2147 in20

213 2158 339 2242 agmine
361 2179 489 2224 servum
511 2168 566 2225 aut
586 2160 759 2225 iumentum
780 2157 928 2242 haberet5
958 2157 1072 2222 ceteris
1100 2167 1170 2223 arte
1242 2215 1243 2244 ἶ

213 2242 341 2308 modum
373 2247 529 2311 statuisse.
577 2245 748 2310 Praeterea
779 2244 968 2309 transvorsis
1000 2243 1170 2310 itineribus

213 2326 327 2393 cotidie
350 2339 453 2395 casua
474 2353 619 2415 morere,
653 2333 743 2396 iuxta
764 2351 802 2394 ac
830 2331 858 2393 si
884 2329 991 2395 hostes
1019 2329 1172 2396 adessent

212 2412 297 2477 vallo
320 2423 414 2500 atque
435 2415 522 2481 fossa
542 2419 680 2502 munire,
702 2417 830 2504 vigilias
846 2414 973 2481 crebras
994 2438 1115 2502 ponere
1139 2427 1172 2481 et

213 2519 266 2563 eas
287 2498 357 2600 ipse
379 2522 451 2566 cum
472 2501 585 2588 legatis
608 2503 790 2587 circumir03
819 2501 896 2567 item
923 2502 957 2565 in
986 2505 1113 2588 agmine
1135 2505 1209 2573 inas

211 2587 324 2734 {tlt
343 2585 968 2740 mtltttttftttttdttss
997 2588 1172 2740 bamili}

212 2757 310 2842 signis
331 2719 379 2822 ire
401 2695 733 2843 ueitesqmcederent,
765 2697 857 2824 ,glos
887 2723 992 2825 cibunl
1021 2769 1053 2826 et
1079 2781 1171 2824 arma

187 2858 201 2908 ³
211 2852 359 2929 portaret
381 2780 442 2908 (lta
455 2844 652 2930 prohibendo
675 2869 694 2910 a
715 2844 840 2910 delictis
859 2847 960 2932 magis
983 2867 1077 2933 quam
1097 2847 1170 2911 vin·

212 2928 346 2994 dicando
369 2931 544 2996 exercitum
565 2930 657 2997 brevi
679 2931 885 2996 confirmavit
1180 2957 1209 3007 3⁰

160 3027 202 3083 to
274 3015 400 3082 Interea
420 3016 588 3102 Iugurtha,
620 3015 678 3082 ubi
707 3039 787 3104 quas
808 3016 955 3089 Metellus
984 3016 1100 3102 agebat
1127 3040 1170 3082 ex

211 3104 328 3166 nuntiis
350 3104 489 3190 accepit,
513 3101 607 3168 simul
630 3102 670 3168 de
692 3104 873 3167 innocentia
894 3103 961 3168 eius
977 3103 1091 3168 certior
1105 3101 1168 3168 Ro·

211 3208 282 3252 mae
310 3187 426 3272 factus,
459 3186 604 3253 diffidere
634 3189 698 3252 suis
727 3188 837 3272 rebus,
871 3211 910 3253 ae
940 3198 1008 3252 tum
1040 3188 1169 3253 demum

187 3289 321 3340 sueram
342 3272 535 3340 deditionem
556 3273 661 3338 lacere
684 3282 814 3338 conatus
837 3283 894 3338 est
923 3275 1024 3360 Igitur
1045 3273 1168 3359 legatos

211 3357 253 3423 ad
275 3357 436 3423 consulem
458 3382 531 3425 cum
552 3358 715 3446 suppliciis
737 3361 845 3441 mittit,
876 3361 930 3445 qui
951 3359 1209 3430 tantummodoss

211 3442 273 3529 ipsi
294 3442 466 3530 liberisque
487 3447 587 3511 vitam
633 3453 766 3528 sterent,
798 3443 861 3508 alia
889 3445 996 3510 omnia
1016 3444 1169 3511 dederent

187 3526 328 3614 apopulo
342 3525 496 3593 Romano.
533 3528 599 3593 Sed
648 3529 741 3593 etello
756 3532 821 3593 iam
835 3539 929 3595 autea
943 3531 1167 3616 experimentis
