2520 3966
221 180 284 248 124
505 179 732 249 Novanus
754 173 923 250 roa-lot

220 351 295 416 asin
315 351 405 420 suos
425 355 532 420 omna
547 351 719 504 Fffidw'
741 354 842 438 docti,
868 375 937 505 ἐξ
966 346 1059 420 moda
1083 350 1179 457 sam
1234 332 1238 394 l

218 437 363 523 Marium,
385 440 463 504 item
483 462 546 526 apu
590 447 734 506 senatum
755 438 856 506 verba
937 447 1018 523 rent,
1040 441 1179 506 eirerter

150 522 289 590 ¹⁰⁴(liss
311 521 519 613 quadraginta
539 525 660 592 ibidem
682 527 896 613 opperiuntur.
940 524 1058 591 Marius
1080 533 1177 612 post·

241 633 316 676 uam
336 609 480 676 confecto
502 612 641 697 negotio,
663 633 725 699 quo
746 611 945 694 intenderat,
976 609 1101 676 Cirtam
1125 633 1177 676 re·

254 704 277 779 t,
299 695 339 761 de
361 696 500 762 adventu
529 695 705 783 legatorum
733 698 850 764 certior
880 697 999 779 faetus,
1032 695 1207 784 illosque⁵

221 790 254 846 et
282 779 403 847 Sullam
434 783 545 847 venire
585 781 691 867 iubet,
723 784 801 848 item
833 781 968 847 Lucium
999 779 1176 846 Belienum

220 866 460 1018 praetoreffib
475 867 577 970 Vtica,
606 876 772 955 praeterea
793 869 896 935 omnis
915 866 993 932 nndi
1013 889 1055 932 ue
1077 889 1177 932 sena-

194 961 293 1104 ²llill
326 973 462 1124 0[lagatitl
491 952 999 1141 gilgllllussunllimlilirllamllllil]
1028 975 1175 1104 alloggrl:

219 1121 308 1206 sule,
335 1124 457 1189 interea
494 1124 635 1189 indutiae
671 1123 921 1211 postulabantur.
974 1123 1024 1188 Ea
1058 1121 1177 1188 Sullae
1190 1137 1212 1177 m

220 1217 251 1274 et
264 1207 425 1296 plerisque
462 1208 603 1294 lacuere3
624 1211 719 1296 pauci
740 1209 877 1277 ferocius
899 1209 1082 1292 decernunt,
1107 1210 1175 1274 sci·

218 1293 295 1358 lieet
316 1295 419 1380 ignari
439 1231 648 1360 lomanamm
669 1317 785 1380 rerum,
814 1318 896 1384 quae
917 1295 1023 1360 fluxae
1046 1302 1079 1359 et
1100 1317 1174 1359 mo·

194 1378 301 1481 olriles
323 1401 449 1481 semper
470 1381 504 1483 in
526 1381 663 1447 advorsa
683 1389 854 1447 mutantur.
888 1379 1036 1484 (laterum
1051 1379 1172 1463 Mauri,

220 1465 558 1637 ottocaro?
571 1466 787 1639 laquea
801 1464 1210 1639 attestantem

220 1657 289 1700 eam
317 1641 514 1722 portaverat,
543 1575 606 1703 cluo
635 1637 677 1703 ad
703 1661 815 1724 regem
846 1638 989 1704 redeunt.
1042 1636 1096 1701 Ex
1120 1638 1170 1702 eis

218 1719 363 1786 Bocchus
388 1743 460 1787 eum
482 1730 597 1805 cetera,
620 1730 689 1788 tum
715 1746 859 1788 maxume
880 1722 1111 1808 benignitatem
1136 1729 1171 1788 et

195 1805 358 1872 estodium
385 1805 493 1874 Sullae
515 1806 629 1874 lubens
645 1811 778 1894 accepit.
806 1810 925 1875 Romae
949 1808 1063 1893 legatis
1086 1810 1169 1890 eius,

218 1901 387 1979 postquam
408 1915 533 1960 errasse
561 1915 673 1978 regem
700 1904 732 1958 et
753 1893 926 1980 Iugurthae
955 1892 1077 1959 scelere
1098 1891 1169 1980 lap·

218 1999 288 2043 sum
310 1977 470 2128 degreeati
493 1987 575 2063 sunt,
598 1980 769 2044 amicitiam
798 1988 830 2044 st
850 1979 961 2045 soedus
980 1978 1209 2127 fetentibustt

216 2062 278 2128 hoe
300 2086 350 2128 mo
374 2086 393 2129 o
413 2063 642 2151 respondetur-t
666 2063 811 2130 ‘Senatus
842 2073 873 2129 et
893 2086 979 2213 plpu
992 2087 1029 2128 us
1051 2064 1168 2130 Roma·

217 2171 276 2214 nus
299 2148 427 2214 benifiei
450 2158 481 2215 et
503 2150 638 2216 iniuriae
660 2172 781 2217 memor
804 2172 876 2215 esse
890 2172 926 2214 so
940 2158 980 2214 et.
1004 2149 1167 2232 Ceterum,

216 2233 379 2300 Bocchum
408 2237 558 2323 quoniam
589 2236 748 2322 paenitet,
778 2234 897 2300 delicta
924 2236 1045 2321 gratias
1074 2234 1167 2318 faeit3

219 2318 328 2385 foedus
353 2329 385 2384 et
406 2323 547 2387 amicitia
569 2320 736 2405 dabuntur,
765 2343 837 2386 eum
858 2319 1029 2386 meruerit?

148 2418 207 2476 tot
282 2402 361 2483 Quis
383 2405 479 2472 rebus
502 2406 637 2491 cognitis
658 2405 806 2474 Bocchus
832 2428 892 2493 per
912 2405 1034 2471 litteras
1057 2429 1077 2471 a
1098 2405 1207 2474 Mars

218 2491 265 2555 rio
286 2491 409 2575 petivit,
440 2493 487 2556 uti
509 2491 632 2556 Sullam
659 2491 757 2557 adse
779 2493 941 2574 mitteret,
969 2493 1058 2558 cuius
1081 2490 1166 2556 arbi·

193 2583 303 2641 ttratu
342 2574 383 2640 de
420 2576 639 2643 communibus
680 2579 817 2663 negotiis
851 2575 1077 2643 consuleretur.
1137 2583 1167 2641 Is

219 2660 334 2726 missus
350 2683 422 2726 eum
462 2662 599 2728 raesidio
620 2664 761 2750 equitum
778 2667 884 2749 [atque
905 2661 1070 2748 peditum]‚
1085 2663 1165 2727 item

217 2745 409 2812 fimditorum
430 2685 630 2832 linearium
684 2755 828 2814 raeterea
853 2750 920 2812 iere
947 2748 1102 2832 sagittarii
1133 2758 1166 2812 et

218 2831 329 2898 cohors
351 2832 505 2918 Paeligna
526 2855 598 2898 eum
619 2771 806 2899 velitaribus
830 2835 934 2916 armis,
953 2835 1076 2897 itineris
1091 2855 1203 2919 pro-ro

215 2916 348 3003 parandi
374 2940 501 3002 caussa,
533 2941 639 3006 neque
661 2917 711 2983 his
734 2942 826 2985 secus
858 2927 952 3005 atque
974 2917 1044 2982 aliis
1067 2920 1164 2983 armis

216 3003 386 3068 advorsum
407 3003 473 3068 tela
492 3003 640 3088 hostium,
684 3004 749 3070 uod
771 3027 809 3069 ea
829 3003 915 3068 levia
937 3012 1023 3085 sunt,
1039 3004 1162 3067 muniti.

190 3088 281 3157 asad
308 3090 343 3152 in
371 3091 485 3156 itinere
522 3091 631 3177 quinto
662 3027 799 3180 lenique
835 3089 887 3154 die
916 3087 1038 3171 volux,
1078 3086 1163 3152 filius

214 3171 336 3238 Bocchi
343 3223 352 3258 ,
381 3182 514 3262 repente
542 3177 577 3239 in
609 3177 730 3260 campis
766 3173 949 3261 patentibus
979 3195 1052 3238 cum
1073 3172 1163 3238 mille
1244 3215 1245 3242 r

215 3281 280 3324 non
304 3257 439 3346 amplius
463 3260 623 3347 equitibus
646 3281 718 3326 sese
739 3258 888 3344 ostendit,
911 3260 965 3347 qui
986 3267 1107 3322 temere
1130 3269 1200 3328 etat

218 3343 317 3410 effinse
340 3353 450 3410 euntes
473 3345 582 3410 Sullae
605 3344 740 3433 aliisque
767 3343 914 3412 omnibus
942 3352 1162 3410 assumerem
1244 3359 1245 3402 3

191 3428 403 3515 tmpliorem
424 3452 501 3496 vero
524 3440 555 3496 st
570 3429 718 3494 hostilem
741 3439 860 3495 metum
883 3427 1070 3496 efficiebant.
1100 3427 1161 3512 lgi-
