2502 3968
185 219 228 292 56
517 219 744 291 IVGVRTHA
771 221 812 287 14

186 396 334 483 quoniam
354 417 468 484 parum
488 403 556 460 tuta
576 418 635 546 per
656 417 691 460 se
712 395 783 481 ipsa
796 392 939 480 probitas
954 401 1017 476 est,
1039 413 1145 478 neque

185 481 263 546 mihi
291 482 326 546 in
354 504 451 546 mann
478 481 552 565 fuit,
599 479 735 566 ugurtha
765 479 867 567 qualis
896 479 991 561 foret,
1022 478 1144 544 advos

186 567 321 654 confugi,
343 577 449 655 patres
471 568 650 652 conscripti,
673 565 796 654 quibus,
820 564 905 653 quod
921 563 1017 647 [mihi]
1033 565 1146 630 miser·
1238 611 1239 652 p

160 675 310 726 srumum
324 663 381 737 est,
405 675 501 738 cogor
522 654 610 739 prius
633 654 722 717 oneri
744 673 839 738 quam
853 674 912 717 usu
928 673 1007 714 esse.
1037 649 1147 716 Ceteri

185 761 278 826 reges
300 748 354 804 aut
374 738 460 804 bello
488 740 567 804 victi
594 740 628 804 in
655 739 826 802 amicitiam
853 761 873 801 a
901 736 992 802 vobis
1020 738 1170 822 receptis

186 833 274 907 sunt,
304 833 358 888 aut
378 825 413 888 in
434 825 499 890 suis
528 823 632 889 dubiis
660 824 756 889 rebus
790 825 973 890 societatem
1001 831 1147 888 vostram

187 910 228 974 ad
251 911 421 976 etivertmt:
455 907 576 975 familia
604 919 714 976 nostra
745 931 817 974 cum
849 908 966 996 populo
999 907 1145 974 Romane

184 933 269 1060 bello
292 995 547 1082 Carthaginiensi
568 995 738 1080 amicitiam
752 996 901 1078 instituit,
924 1017 985 1080 quo
1000 1003 1147 1080 tempore

159 1081 286 1168 omagis
307 1082 387 1148 fides
411 1084 479 1148 eius
496 1105 591 1169 quam
604 1081 730 1147 fortuna
744 1081 884 1167 petunda
899 1089 974 1144 erat.
999 1079 1147 1160 Quorum

184 1169 369 1254 progeniem
390 1191 463 1252 vos,
496 1177 603 1255 patros
639 1168 826 1254 conscripti,
859 1165 957 1232 nolite
986 1167 1054 1252 pati
1081 1169 1146 1248 [me
1159 1193 1189 1242 ιο

184 1264 332 1341 nepotem
353 1254 551 1336 Masinissae]
575 1254 691 1320 frustra
712 1275 731 1317 a
749 1252 841 1319 vobis
856 1251 1011 1317 auxilium
1023 1261 1146 1339 petere.

164 1339 221 1406 ssi
253 1340 296 1404 ad
322 1340 543 1426 inpetrandam
572 1339 652 1404 nihil
679 1360 811 1404 caussae
839 1338 990 1404 haberem
1016 1349 1147 1425 praeter

185 1424 398 1491 miserandam
411 1425 586 1508 foramem,
610 1426 695 1512 quod
715 1424 823 1512 paullo
846 1433 919 1490 ante
939 1447 999 1490 rex
1024 1447 1145 1510 genere

184 1512 270 1576 fama
291 1520 385 1597 atque
401 1513 500 1598 copiis
520 1520 643 1598 potens,
665 1533 751 1576 nunc
765 1510 956 1578 deformatus
971 1513 1144 1595 aerumnis,

184 1599 293 1684 inops,
324 1596 443 1661 alienas
466 1619 543 1686 opes
566 1606 716 1684 expecto,
746 1607 853 1662 minen
874 1606 943 1662 erat
968 1597 1146 1662 maiestatis
1158 1619 1189 1668 15

184 1681 294 1771 populi
315 1681 450 1747 Romani
470 1683 638 1770 prohibere
659 1683 806 1748 iniuriam
826 1705 930 1835 nexgue
951 1684 1019 1771 pati
1039 1684 1144 1750 cuins·

158 1784 173 1837 8
206 1792 281 1835 uam
300 1791 435 1856 regnum
455 1791 514 1856 per
535 1768 638 1836 scelus
661 1791 814 1834 crescere.
889 1791 978 1834 erum
1006 1791 1067 1854 ego
1097 1770 1145 1836 eis

231 1854 300 1921 'bus
324 1857 442 1921 eiectus
472 1877 557 1939 sum,
592 1876 671 1941 quos
699 1853 871 1920 maioribus
898 1856 977 1920 meis
1006 1855 1146 1944 populus

185 1941 346 2008 Romanus
361 1941 463 2025 dedit,
486 1940 570 2006 unde
591 1949 683 2027 pater
704 1950 736 2005 et
756 1963 834 2008 avus
856 1964 946 2006 meus
961 1963 1025 2007 una
1037 1941 1146 2006 vobis·

186 2051 259 2094 cum
281 2027 432 2116 expulere
454 2027 635 2114 Suphacem
657 2036 689 2091 et
711 2026 992 2114 Carthaginiensis.
1025 2027 1189 2102 Vostrazo

186 2114 334 2180 benificia
354 2114 433 2178 mihi
454 2123 563 2200 erepta
583 2120 672 2196 sunt,
693 2122 801 2200 patres
823 2114 1006 2200 conscripti,
1029 2135 1088 2179 vos
1109 2115 1147 2178 in

185 2223 260 2265 mea
279 2201 396 2264 iniuria
417 2199 560 2286 despecti
582 2200 666 2264 estis.

162 2300 177 2349 a
249 2285 341 2350 Eheu
362 2307 413 2349 me
434 2286 598 2350 miserum!
624 2285 758 2368 Hucine,
781 2284 916 2372 Micipsa
934 2294 1033 2372 pater,
1055 2285 1146 2352 beni·

186 2369 259 2434 ficia
281 2381 334 2435 tua
355 2391 500 2454 evasere,
529 2380 581 2454 ut,
612 2393 706 2457 quem
734 2381 770 2435 tn
796 2393 906 2458 parem
934 2393 1006 2438 cum
1034 2370 1146 2438 liberis

188 2456 271 2540 [tuis]
293 2456 446 2542 regnique
467 2457 654 2606 participem
667 2457 786 2540 fecisti,
808 2458 837 2522 is
851 2458 1060 2544 potissumum
1074 2458 1146 2522 stir-
1157 2475 1189 2528 ae

185 2542 235 2627 pis
257 2550 330 2606 tuae
353 2542 510 2606 extinctor
529 2542 570 2606 sit
613 2542 793 2628 Numquam
808 2565 883 2629 ergo
898 2542 1019 2608 familia
1036 2553 1149 2610 nostra

187 2627 293 2713 quiete
315 2627 397 2692 erit?
429 2649 594 2714 semperne
615 2629 651 2692 in
672 2630 826 2714 sangiune
857 2629 940 2695 ferro
969 2629 1046 2716 fuga
1073 2651 1146 2695 ver·
1184 2695 1187 2723 ,

147 2710 352 2780 tosabimur‘?
394 2711 481 2778 Dum
517 2712 797 2799 Carthaginienses
833 2715 1009 2781 incolumes
1044 2715 1146 2800 fixere,
1238 2749 1239 2796 p

185 2798 255 2864 iure
277 2798 383 2864 omnia
405 2820 502 2864 saeva
522 2799 739 2886 patiebamur;
762 2799 869 2866 hostes
891 2800 932 2865 ab
954 2801 1062 2885 latere,
1084 2824 1146 2868 vos
1238 2799 1239 2832 ³

186 2885 281 2950 amici
301 2884 429 2971 procul:
453 2908 468 2949 s
493 2907 527 2950 es
549 2886 652 2950 omnis
672 2887 708 2950 in
730 2887 825 2951 armis
848 2895 926 2952 erat.
968 2887 1147 2974 Postquam
1156 2911 1189 2964 so

185 2970 242 3036 illa
266 2971 365 3057 pestis
393 2993 434 3036 ex
455 2907 566 3036 itta
594 2973 695 3037 eiecta
724 2981 786 3056 est,
816 2971 892 3038 laeti
912 2994 1026 3058 pacem
1046 2974 1147 3059 agita·

184 3056 307 3141 bamus,
324 3058 441 3158 quippe
458 3059 527 3143 quis
542 3057 641 3123 hostis
656 3057 763 3124 nullus
778 3068 856 3143 erat,
878 3059 941 3123 nisi
954 3057 1035 3124 forte
1050 3081 1147 3146 quem

146 3159 244 3208 nvos
264 3143 445 3208 iussissetis.
488 3143 575 3208 Ecce
603 3153 708 3210 autem
731 3167 773 3210 ex
799 3145 961 3231 inproviso
982 3144 1145 3231 Iugurtha,

185 3227 384 3294 intoleranda
424 3228 572 3311 audacia,
619 3228 739 3296 scelere
782 3242 877 3317 alque
920 3230 1069 3332 superbia
1111 3253 1147 3297 se

187 3313 345 3398 ecferens,
377 3313 475 3381 fratre
503 3335 574 3380 meo
607 3323 702 3400 atque
735 3315 848 3382 eodem
880 3337 1056 3403 propinquo
1087 3337 1187 3389 sucas

185 3399 365 3483 interfecto,
386 3401 525 3486 primum
538 3421 672 3486 regnum
694 3402 762 3468 eius
779 3401 908 3466 sceleris
931 3403 981 3466 sni
994 3401 1148 3489 praedam

184 3483 278 3568 fecit,
307 3493 395 3573 post,
428 3486 485 3551 ubi
512 3507 564 3550 me
593 3485 713 3552 eisdem
742 3487 823 3554 dolis
845 3509 910 3552 non
932 3488 1000 3576 quit
1021 3509 1146 3576 cepere,

880 3601 940 3626 Ἢ
