2502 3968
380 217 587 284 CATILINA
607 213 743 280 3643?
996 215 1039 280 23

84 401 184 460 tatem
205 401 299 458 antea
320 391 521 458 sollicitatam
536 391 632 454 armis
647 394 789 471 exornat,
813 409 884 452 cum
898 385 1038 452 fascibus

83 487 179 566 atque
202 478 272 544 aliis
293 479 407 565 imperi
428 479 490 542 insi
536 475 605 540 'bus
626 477 661 541 in
687 485 790 540 castra
818 473 860 538 ad
886 472 1041 538 Manlium

3 611 5 648 5
84 564 256 630 contendit
292 563 383 628 Haec
404 562 461 629 ubi
481 500 601 627 tldlmae
625 572 776 649 conperta
798 569 885 640 sunt,
914 568 1064 628 senatusa

3 691 4 712 r
85 649 256 715 Catilinam
279 657 311 713 et
330 649 484 713 Manlium
504 647 601 713 hostis
624 647 757 727 iudicat,
786 657 908 710 ceterae
936 643 1041 708 multi·

57 735 188 806 studini
210 736 294 800 diem
320 737 443 818 statuit,
471 744 544 799 ante
574 755 667 821 quam
697 735 764 796 sine
793 731 902 795 fraude
931 731 1041 795 liceret

84 821 124 887 ab
155 823 251 885 armis
281 820 446 886 discedere
500 830 568 886 raet
630 841 736 885 rerum
765 816 945 904 capitalium
968 838 1040 882 con·

3 961 4 972 ,
85 908 258 991 demnatis3
302 915 447 972 raeterea
468 843 625 989 decernit,
654 907 701 971 uti
723 903 868 969 consules
892 903 1065 972 dilectuma

82 992 240 1057 habeant:
323 995 427 1059 tonius
451 1015 522 1058 cum
545 994 686 1058 exercitu
702 990 873 1057 Catilinam
893 989 1041 1078 persequi

82 1086 237 1161 maturet,
261 1077 373 1144 Cicero
396 1078 468 1144 urbi
488 1079 647 1166 praesidio
671 1079 718 1142 sit.

45 1187 74 1238 ιο
170 1163 221 1228 Ea
248 1173 435 1251 tempestate
464 1165 542 1229 mihi
574 1166 741 1267 imperium
770 1162 880 1251 populi
908 1161 1067 1228 Romanis

3 1311 4 1318 ,
82 1248 184 1314 multo
213 1271 362 1316 maxume
390 1249 572 1315 miserabile
600 1273 704 1314 visum
733 1259 797 1333 est3
827 1249 879 1312 cui
908 1267 980 1312 oum
1001 1245 1043 1310 ad

3 1341 4 1386 l
84 1355 235 1400 oceasum
257 1334 297 1401 ab
320 1345 391 1402 ortu
413 1337 488 1402 solis
512 1338 617 1402 omnia
639 1336 757 1402 domita
776 1335 871 1400 armis
885 1341 1041 1420 parerent,

3 1409 5 1512 l
83 1420 172 1486 domi
193 1422 293 1486 otium
314 1431 407 1510 atque
429 1424 574 1506 divitiae,
598 1443 679 1510 quae
700 1425 803 1510 prima
816 1419 964 1486 mortales
985 1439 1042 1504 pu·

3 1537 5 1566 r
82 1515 169 1590 tant,
193 1507 384 1591 adfluerent,
407 1509 495 1575 ficere
517 1519 623 1576 tamen
645 1511 741 1590 cives,
769 1509 823 1595 qui
844 1527 940 1593 seque
961 1526 1042 1570 rem-

3 1621 5 1680 p
46 1613 72 1661 15
84 1615 147 1681 que
168 1592 332 1744 publicam
354 1595 518 1661 obstinatis
535 1597 647 1661 animis
662 1595 820 1682 perditum
834 1594 925 1658 irent.
947 1591 1066 1659 Nam-o

83 1700 147 1766 que
191 1679 293 1745 uobus
316 1684 418 1747 senati
441 1682 575 1748 decretis
598 1704 640 1746 ex
661 1691 749 1746 tanta
769 1678 968 1744 multitudine
987 1698 1042 1741 ne·

83 1785 147 1852 que
173 1768 314 1852 praemio
336 1768 483 1833 inductus
506 1769 754 1834 coniurationem
775 1765 967 1854 patefecerat
988 1784 1042 1828 ne·

3 1865 4 1890 ³
83 1872 147 1938 que
175 1873 218 1916 ex
245 1855 355 1917 eastris
379 1852 536 1919 Catilinae
563 1856 632 1942 quis
655 1877 730 1918 uem
759 1853 898 1918 omnium
925 1849 1042 1915 disces·

83 1945 186 2001 serat:
216 1947 305 2002 tanta
332 1941 381 2004 vis
410 1941 514 2005 morbi
541 1943 588 2006 uti
614 1949 706 2006 taes
757 1938 903 2039 laresque
926 1936 1043 2000 civium

43 2023 208 2093 toauimos
237 2025 406 2089 invaserat.
456 2027 567 2113 Neque
597 2027 699 2092 solum
727 1963 791 2090 illis
820 2021 925 2088 ahena
952 2038 1092 2094 mensas

83 2117 170 2191 erat,
194 2109 249 2196 qui
271 2111 390 2176 conscii
412 2113 636 2177 coniurationis
658 2113 798 2192 fuerant,
829 2108 886 2173 sed
915 2108 1042 2172 omnino

83 2203 200 2259 cuncta
213 2193 324 2280 plebes
339 2219 493 2262 novarum
507 2219 614 2263 rerum
629 2198 731 2262 studio
747 2195 903 2261 Catilinae
916 2195 987 2258 ince
1011 2201 1043 2256 ta

81 2278 251 2366 probabat.
278 2280 317 2346 Id
339 2283 419 2349 adeo
440 2305 528 2349 more
551 2306 607 2349 suo
630 2282 798 2348 videbatur
819 2282 933 2346 iacere.
992 2297 1091 2348 amat

84 2387 153 2430 sem
178 2387 213 2430 er
234 2368 268 2431 in
290 2370 433 2452 civitate,
478 2369 571 2435 uibus
594 2392 670 2456 opes
696 2368 803 2433 nullae
833 2377 921 2451 sunt,
950 2365 1042 2430 bonis

43 2468 73 2520 tt
83 2388 231 2517 invident
251 2453 352 2520 malos
375 2395 547 2540 extollunt,
576 2465 687 2521 vetera
716 2455 811 2520 cdere
840 2474 925 2518 nova
947 2472 1007 2516 exo
1031 2487 1042 2501 -

82 2545 161 2621 tant,
186 2538 258 2604 odio
274 2563 403 2605 suarum
417 2564 522 2608 rerum
537 2544 652 2607 mutari
666 2543 772 2607 omnia
787 2539 929 2624 student3
950 2471 1043 2603 trulla

83 2631 180 2710 atque
196 2625 403 2692 seditionibus
420 2629 488 2692 sine
503 2651 581 2693 cura
595 2627 729 2711 aluntur,
753 2627 902 2714 quoniam
917 2632 1041 2712 egestas

82 2707 179 2773 facile
201 2709 336 2777 habetur
357 2715 426 2778 sine
448 2712 573 2780 damno.
618 2712 683 2780 Sed
702 2713 826 2778 urbana
846 2711 974 2799 plebes,
1005 2727 1067 2779 eat

82 2816 161 2859 vcro
183 2817 337 2886 praeceps
361 2809 428 2864 erat
449 2799 555 2865 multis
579 2799 618 2865 de
641 2802 770 2864 caussis.
814 2797 955 2864 Primum
977 2813 1066 2863 oms

43 2903 74 2955 to
83 2881 189 2963 nium,
221 2885 275 2968 qui
296 2885 414 2972 ubique
426 2887 552 3037 aquobro
576 2896 669 3036 atque
695 2885 869 2973 petulantia
894 2902 1041 2948 maxume

82 2967 290 3052 praestabant
296 3019 305 3053 ,
328 2972 403 3035 item
460 2973 478 2990 '⁸
494 2995 553 3060 per
567 2971 606 3037 de
631 2994 724 3038 ecora
737 2972 933 3059 patrimoniis
950 2969 1041 3032 amis·

85 3054 139 3135 sis,
185 3064 322 3122 ostremo
339 3078 456 3145 omnes,
481 3082 558 3147 quos
574 3057 728 3145 flagitium
743 3066 797 3122 aut
811 3057 932 3121 facinus
948 3052 1041 3119 domo
1131 3059 1135 3068 '

84 3159 147 3224 exp
184 3151 267 3224 erat,
295 3143 325 3208 ei
338 3143 471 3209 Romam
494 3148 575 3211 sicut
596 3147 629 3208 in
644 3147 799 3210 sentinam
814 3141 1040 3207 confluxerant.

83 3225 171 3291 Dein
199 3228 290 3294 multi
320 3252 476 3296 memores
506 3231 655 3297 Sullanae
683 3231 852 3312 victoriae,
886 3227 971 3316 quod
1000 3243 1066 3294 exo

43 3334 74 3384 ³5
83 3315 239 3399 gregariis
261 3315 413 3380 militibus
436 3317 514 3382 alios
530 3329 690 3384 senatores
712 3316 873 3400 videbant,
897 3314 975 3380 alios
997 3312 1042 3377 ita

84 3401 216 3485 divites,
237 3411 278 3488 ut
294 3405 382 3488 regio
404 3405 491 3468 victu
513 3413 606 3492 atque
628 3404 714 3469 cultu
735 3411 870 3468 aetatem
899 3409 1038 3488 agerent,

83 3485 147 3556 srbi
176 3493 326 3575 quisque,
360 3491 387 3556 si
416 3491 449 3554 in
479 3493 574 3558 armis
596 3490 696 3573 foret,·
726 3509 768 3554 ex
799 3493 933 3560 victoria
961 3489 1040 3562 talia
