<?xml version="1.0" encoding="UTF-8"?>
<!DOCTYPE html PUBLIC "-//W3C//DTD XHTML 1.0 Transitional//EN"
    "http://www.w3.org/TR/xhtml1/DTD/xhtml1-transitional.dtd">
<html xmlns="http://www.w3.org/1999/xhtml" xml:lang="en" lang="en">
 <head>
  <title>
</title>
<meta http-equiv="Content-Type" content="text/html;charset=utf-8" />
  <meta name='ocr-system' content='tesseract 3.04.00' />
  <meta name='ocr-capabilities' content='ocr_page ocr_carea ocr_par ocr_line ocrx_word'/>
</head>
<body>
  <div class='ocr_page' id='page_1' title='image "./catilinaiugurth00linkgoog_0094.png"; bbox 0 0 2520 3966; ppageno 0'>
   <div class='ocr_carea' id='block_1_1' title="bbox 384 231 1054 340">
    <p class='ocr_par' dir='ltr' id='par_1_1' title="bbox 384 231 1054 340">
     <span class='ocr_line' id='line_1_1' title="bbox 384 231 1054 340; baseline -0.007 -40"><span class='ocrx_word' id='word_1_1' title='bbox 384 231 432 299; x_wconf 89' lang='lat' dir='ltr'>1v</span> <span class='ocrx_word' id='word_1_2' title='bbox 433 231 614 300; x_wconf 79' lang='lat' dir='ltr'>GVR&#39;I&#39;HA</span> <span class='ocrx_word' id='word_1_3' title='bbox 636 231 764 340; x_wconf 74' lang='grc'>24-25</span> <span class='ocrx_word' id='word_1_4' title='bbox 1012 237 1054 306; x_wconf 82' lang='lat'>65</span> 
     </span>
    </p>
   </div>
   <div class='ocr_carea' id='block_1_2' title="bbox 17 404 1099 2048">
    <p class='ocr_par' dir='ltr' id='par_1_2' title="bbox 17 404 1099 2048">
     <span class='ocr_line' id='line_1_2' title="bbox 177 404 1081 492; baseline 0.004 -22"><span class='ocrx_word' id='word_1_5' title='bbox 177 427 233 470; x_wconf 87' lang='lat' dir='ltr'>ear</span> <span class='ocrx_word' id='word_1_6' title='bbox 257 407 397 472; x_wconf 84' lang='lat' dir='ltr'>incertus</span> <span class='ocrx_word' id='word_1_7' title='bbox 424 426 503 470; x_wconf 90' lang='lat' dir='ltr'>sum.</span> <span class='ocrx_word' id='word_1_8' title='bbox 548 405 646 471; x_wconf 88' lang='lat' dir='ltr'>Plura</span> <span class='ocrx_word' id='word_1_9' title='bbox 673 405 713 470; x_wconf 86' lang='lat' dir='ltr'>da</span> <span class='ocrx_word' id='word_1_10' title='bbox 734 404 888 492; x_wconf 78' lang='lat' dir='ltr'>Iugurtha</span> <span class='ocrx_word' id='word_1_11' title='bbox 916 404 1081 475; x_wconf 72' lang='lat' dir='ltr'>scriberes</span> 
     </span>
     <span class='ocr_line' id='line_1_3' title="bbox 91 491 1056 580; baseline -0.002 -22"><span class='ocrx_word' id='word_1_12' title='bbox 91 491 115 558; x_wconf 84' lang='lat' dir='ltr'>d</span> <span class='ocrx_word' id='word_1_13' title='bbox 158 500 279 558; x_wconf 87' lang='lat' dir='ltr'>ortatur</span> <span class='ocrx_word' id='word_1_14' title='bbox 298 513 350 556; x_wconf 90' lang='lat' dir='ltr'>me</span> <span class='ocrx_word' id='word_1_15' title='bbox 371 491 499 557; x_wconf 87' lang='lat' dir='ltr'>fortuna</span> <span class='ocrx_word' id='word_1_16' title='bbox 518 514 608 576; x_wconf 81' lang='lat' dir='ltr'>mea3</span> <span class='ocrx_word' id='word_1_17' title='bbox 637 501 669 556; x_wconf 93' lang='lat' dir='ltr'>et</span> <span class='ocrx_word' id='word_1_18' title='bbox 696 493 762 556; x_wconf 88' lang='lat' dir='ltr'>iam</span> <span class='ocrx_word' id='word_1_19' title='bbox 790 499 885 557; x_wconf 84' lang='lat' dir='ltr'>antea</span> <span class='ocrx_word' id='word_1_20' title='bbox 905 501 1056 580; x_wconf 85' lang='lat' dir='ltr'>expertus</span> 
     </span>
     <span class='ocr_line' id='line_1_4' title="bbox 91 577 1081 665; baseline 0.004 -23"><span class='ocrx_word' id='word_1_21' title='bbox 91 600 175 662; x_wconf 91' lang='lat' dir='ltr'>sum,</span> <span class='ocrx_word' id='word_1_22' title='bbox 196 600 311 665; x_wconf 88' lang='lat' dir='ltr'>parum</span> <span class='ocrx_word' id='word_1_23' title='bbox 330 577 407 643; x_wconf 88' lang='lat' dir='ltr'>fidei</span> <span class='ocrx_word' id='word_1_24' title='bbox 427 578 552 643; x_wconf 92' lang='lat' dir='ltr'>miseris</span> <span class='ocrx_word' id='word_1_25' title='bbox 575 600 656 643; x_wconf 91' lang='lat' dir='ltr'>esse.</span> <span class='ocrx_word' id='word_1_26' title='bbox 685 578 756 644; x_wconf 88' lang='lat' dir='ltr'>Nisi</span> <span class='ocrx_word' id='word_1_27' title='bbox 769 587 876 645; x_wconf 86' lang='lat' dir='ltr'>tamen</span> <span class='ocrx_word' id='word_1_28' title='bbox 894 578 1081 664; x_wconf 62' lang='lat' dir='ltr'>intellegas</span> 
     </span>
     <span class='ocr_line' id='line_1_5' title="bbox 17 663 1055 752; baseline -0.002 -24"><span class='ocrx_word' id='word_1_29' title='bbox 17 663 18 668; x_wconf 70' lang='grc'>’</span> <span class='ocrx_word' id='word_1_30' title='bbox 91 664 186 729; x_wconf 90' lang='lat' dir='ltr'>illum</span> <span class='ocrx_word' id='word_1_31' title='bbox 208 687 305 752; x_wconf 89' lang='lat' dir='ltr'>supra</span> <span class='ocrx_word' id='word_1_32' title='bbox 326 687 421 751; x_wconf 90' lang='lat' dir='ltr'>quam</span> <span class='ocrx_word' id='word_1_33' title='bbox 443 687 503 751; x_wconf 85' lang='lat' dir='ltr'>ego</span> <span class='ocrx_word' id='word_1_34' title='bbox 519 687 589 730; x_wconf 90' lang='lat' dir='ltr'>sum</span> <span class='ocrx_word' id='word_1_35' title='bbox 603 673 729 752; x_wconf 92' lang='lat' dir='ltr'>petere,</span> <span class='ocrx_word' id='word_1_36' title='bbox 751 687 855 752; x_wconf 90' lang='lat' dir='ltr'>neque</span> <span class='ocrx_word' id='word_1_37' title='bbox 871 665 964 730; x_wconf 90' lang='lat' dir='ltr'>simul</span> <span class='ocrx_word' id='word_1_38' title='bbox 979 665 1055 728; x_wconf 91' lang='lat' dir='ltr'>ami-</span> 
     </span>
     <span class='ocr_line' id='line_1_6' title="bbox 66 749 1057 839; baseline 0.002 -25"><span class='ocrx_word' id='word_1_39' title='bbox 66 752 202 823; x_wconf 66' lang='lat' dir='ltr'>eeitiam</span> <span class='ocrx_word' id='word_1_40' title='bbox 232 760 372 816; x_wconf 80' lang='lat' dir='ltr'><strong>vostram</strong></span> <span class='ocrx_word' id='word_1_41' title='bbox 400 760 432 816; x_wconf 90' lang='lat' dir='ltr'>et</span> <span class='ocrx_word' id='word_1_42' title='bbox 460 773 594 838; x_wconf 86' lang='lat' dir='ltr'>regnum</span> <span class='ocrx_word' id='word_1_43' title='bbox 626 773 732 816; x_wconf 88' lang='lat' dir='ltr'>meum</span> <span class='ocrx_word' id='word_1_44' title='bbox 759 773 897 839; x_wconf 88' lang='lat' dir='ltr'>sperare.</span> <span class='ocrx_word' id='word_1_45' title='bbox 939 749 1057 816; x_wconf 84' lang='lat' dir='ltr'>Vtrum</span> 
     </span>
     <span class='ocr_line' id='line_1_7' title="bbox 91 837 1081 923; baseline 0.006 -22"><span class='ocrx_word' id='word_1_46' title='bbox 91 838 223 923; x_wconf 83' lang='lat' dir='ltr'>gravius</span> <span class='ocrx_word' id='word_1_47' title='bbox 246 838 432 920; x_wconf 75' lang='lat' dir='ltr'>existumet,</span> <span class='ocrx_word' id='word_1_48' title='bbox 454 839 574 902; x_wconf 90' lang='lat' dir='ltr'>nemini</span> <span class='ocrx_word' id='word_1_49' title='bbox 596 837 753 904; x_wconf 90' lang='lat' dir='ltr'>occultum</span> <span class='ocrx_word' id='word_1_50' title='bbox 776 848 833 903; x_wconf 89' lang='lat' dir='ltr'>est.</span> <span class='ocrx_word' id='word_1_51' title='bbox 862 837 945 903; x_wconf 88' lang='lat' dir='ltr'>Nam</span> <span class='ocrx_word' id='word_1_52' title='bbox 966 837 1081 907; x_wconf 84' lang='lat' dir='ltr'>initioo</span> 
     </span>
     <span class='ocr_line' id='line_1_8' title="bbox 92 923 1055 1028; baseline -0.001 -39"><span class='ocrx_word' id='word_1_53' title='bbox 92 923 211 990; x_wconf 84' lang='lat' dir='ltr'>occidit</span> <span class='ocrx_word' id='word_1_54' title='bbox 225 923 453 1010; x_wconf 74' lang='lat' dir='ltr'>Hiempsalem,</span> <span class='ocrx_word' id='word_1_55' title='bbox 468 923 598 989; x_wconf 85' lang='lat' dir='ltr'>fratrem</span> <span class='ocrx_word' id='word_1_56' title='bbox 612 946 727 1006; x_wconf 90' lang='lat' dir='ltr'>meum,</span> <span class='ocrx_word' id='word_1_57' title='bbox 751 925 826 990; x_wconf 85' lang='lat' dir='ltr'>dein</span> <span class='ocrx_word' id='word_1_58' title='bbox 839 926 942 1028; x_wconf 86' lang='lat' dir='ltr'>patrio</span> <span class='ocrx_word' id='word_1_59' title='bbox 956 946 1055 1010; x_wconf 78' lang='lat' dir='ltr'>regno</span> 
     </span>
     <span class='ocr_line' id='line_1_9' title="bbox 90 1009 1056 1096; baseline 0 -22"><span class='ocrx_word' id='word_1_60' title='bbox 90 1031 144 1075; x_wconf 90' lang='lat' dir='ltr'>me</span> <span class='ocrx_word' id='word_1_61' title='bbox 161 1009 300 1096; x_wconf 85' lang='lat' dir='ltr'>expulit:</span> <span class='ocrx_word' id='word_1_62' title='bbox 324 1033 405 1096; x_wconf 90' lang='lat' dir='ltr'>quae</span> <span class='ocrx_word' id='word_1_63' title='bbox 427 1032 505 1075; x_wconf 88' lang='lat' dir='ltr'>sane</span> <span class='ocrx_word' id='word_1_64' title='bbox 526 1010 644 1076; x_wconf 81' lang='lat' dir='ltr'>fiserint</span> <span class='ocrx_word' id='word_1_65' title='bbox 664 1019 792 1077; x_wconf 89' lang='lat' dir='ltr'>nostrae</span> <span class='ocrx_word' id='word_1_66' title='bbox 810 1012 954 1095; x_wconf 90' lang='lat' dir='ltr'>imuriae,</span> <span class='ocrx_word' id='word_1_67' title='bbox 976 1009 1056 1074; x_wconf 78' lang='lat' dir='ltr'>nihii</span> 
     </span>
     <span class='ocr_line' id='line_1_10' title="bbox 91 1095 1081 1179; baseline 0 -18"><span class='ocrx_word' id='word_1_68' title='bbox 91 1095 136 1161; x_wconf 89' lang='lat' dir='ltr'>ad</span> <span class='ocrx_word' id='word_1_69' title='bbox 155 1118 226 1163; x_wconf 87' lang='lat' dir='ltr'>vos.</span> <span class='ocrx_word' id='word_1_70' title='bbox 269 1095 388 1161; x_wconf 89' lang='lat' dir='ltr'>Verum</span> <span class='ocrx_word' id='word_1_71' title='bbox 410 1118 497 1163; x_wconf 91' lang='lat' dir='ltr'>nunc</span> <span class='ocrx_word' id='word_1_72' title='bbox 517 1107 658 1164; x_wconf 88' lang='lat' dir='ltr'>vostrum</span> <span class='ocrx_word' id='word_1_73' title='bbox 680 1121 716 1162; x_wconf 87' lang='lat' dir='ltr'>re</span> <span class='ocrx_word' id='word_1_74' title='bbox 760 1121 814 1164; x_wconf 90' lang='lat' dir='ltr'>nm</span> <span class='ocrx_word' id='word_1_75' title='bbox 842 1099 938 1162; x_wconf 89' lang='lat' dir='ltr'>armis</span> <span class='ocrx_word' id='word_1_76' title='bbox 959 1106 1081 1179; x_wconf 69' lang='lat' dir='ltr'>tenetc</span> 
     </span>
     <span class='ocr_line' id='line_1_11' title="bbox 54 1183 1057 1272; baseline 0.002 -26"><span class='ocrx_word' id='word_1_77' title='bbox 54 1205 161 1266; x_wconf 71' lang='lat' dir='ltr'>rome,</span> <span class='ocrx_word' id='word_1_78' title='bbox 207 1204 281 1246; x_wconf 92' lang='lat' dir='ltr'>uem</span> <span class='ocrx_word' id='word_1_79' title='bbox 301 1205 360 1247; x_wconf 90' lang='lat' dir='ltr'>vos</span> <span class='ocrx_word' id='word_1_80' title='bbox 381 1185 605 1272; x_wconf 81' lang='lat' dir='ltr'>imperatorem</span> <span class='ocrx_word' id='word_1_81' title='bbox 618 1184 714 1250; x_wconf 86' lang='lat' dir='ltr'>Numi</span> <span class='ocrx_word' id='word_1_82' title='bbox 739 1185 764 1250; x_wconf 89' lang='lat' dir='ltr'>&#39;s</span> <span class='ocrx_word' id='word_1_83' title='bbox 807 1186 949 1267; x_wconf 90' lang='lat' dir='ltr'>osuistis,</span> <span class='ocrx_word' id='word_1_84' title='bbox 972 1183 1057 1248; x_wconf 90' lang='lat' dir='ltr'>clau-</span> 
     </span>
     <span class='ocr_line' id='line_1_12' title="bbox 89 1269 1056 1358; baseline -0.001 -24"><span class='ocrx_word' id='word_1_85' title='bbox 89 1289 200 1334; x_wconf 70' lang='lat' dir='ltr'>tamo</span> <span class='ocrx_word' id='word_1_86' title='bbox 224 1269 321 1353; x_wconf 82' lang='lat' dir='ltr'>sidet3</span> <span class='ocrx_word' id='word_1_87' title='bbox 345 1269 521 1356; x_wconf 83' lang='lat' dir='ltr'>legatorum</span> <span class='ocrx_word' id='word_1_88' title='bbox 535 1271 637 1336; x_wconf 87' lang='lat' dir='ltr'>verba</span> <span class='ocrx_word' id='word_1_89' title='bbox 651 1273 760 1358; x_wconf 89' lang='lat' dir='ltr'>quanti</span> <span class='ocrx_word' id='word_1_90' title='bbox 784 1271 890 1355; x_wconf 87' lang='lat' dir='ltr'>ecerit,</span> <span class='ocrx_word' id='word_1_91' title='bbox 912 1269 1056 1358; x_wconf 89' lang='lat' dir='ltr'>pericula</span> 
     </span>
     <span class='ocr_line' id='line_1_13' title="bbox 91 1354 1081 1442; baseline 0.001 -22"><span class='ocrx_word' id='word_1_92' title='bbox 91 1377 166 1420; x_wconf 87' lang='lat' dir='ltr'>mea</span> <span class='ocrx_word' id='word_1_93' title='bbox 181 1354 360 1420; x_wconf 89' lang='lat' dir='ltr'>declarant:</span> <span class='ocrx_word' id='word_1_94' title='bbox 412 1357 468 1421; x_wconf 89' lang='lat' dir='ltr'>uid</span> <span class='ocrx_word' id='word_1_95' title='bbox 490 1366 539 1422; x_wconf 91' lang='lat' dir='ltr'>est</span> <span class='ocrx_word' id='word_1_96' title='bbox 560 1357 693 1423; x_wconf 83' lang='lat' dir='ltr'>relicum</span> <span class='ocrx_word' id='word_1_97' title='bbox 714 1358 776 1422; x_wconf 90' lang='lat' dir='ltr'>nisi</span> <span class='ocrx_word' id='word_1_98' title='bbox 794 1367 904 1423; x_wconf 87' lang='lat' dir='ltr'>vostra</span> <span class='ocrx_word' id='word_1_99' title='bbox 916 1357 976 1439; x_wconf 85' lang='lat' dir='ltr'>vis,</span> <span class='ocrx_word' id='word_1_100' title='bbox 992 1377 1081 1442; x_wconf 76' lang='lat' dir='ltr'>quos</span> 
     </span>
     <span class='ocr_line' id='line_1_14' title="bbox 92 1381 1081 1532; baseline 0.008 -26"><span class='ocrx_word' id='word_1_101' title='bbox 92 1442 218 1508; x_wconf 85' lang='lat' dir='ltr'>moveri</span> <span class='ocrx_word' id='word_1_102' title='bbox 238 1441 360 1529; x_wconf 82' lang='lat' dir='ltr'>possit?</span> <span class='ocrx_word' id='word_1_103' title='bbox 392 1381 426 1506; x_wconf 71' lang='lat' dir='ltr'>ll</span> <span class='ocrx_word' id='word_1_104' title='bbox 501 1466 561 1529; x_wconf 85' lang='lat' dir='ltr'>ego</span> <span class='ocrx_word' id='word_1_105' title='bbox 584 1443 711 1532; x_wconf 91' lang='lat' dir='ltr'>quidem</span> <span class='ocrx_word' id='word_1_106' title='bbox 737 1443 871 1528; x_wconf 89' lang='lat' dir='ltr'>vellem,</span> <span class='ocrx_word' id='word_1_107' title='bbox 902 1452 935 1508; x_wconf 89' lang='lat' dir='ltr'>et</span> <span class='ocrx_word' id='word_1_108' title='bbox 965 1442 1081 1526; x_wconf 67' lang='lat' dir='ltr'>haeae</span> 
     </span>
     <span class='ocr_line' id='line_1_15' title="bbox 92 1527 1092 1618; baseline 0.002 -26"><span class='ocrx_word' id='word_1_109' title='bbox 92 1550 176 1616; x_wconf 89' lang='lat' dir='ltr'>quae</span> <span class='ocrx_word' id='word_1_110' title='bbox 199 1527 321 1610; x_wconf 90' lang='lat' dir='ltr'>scribo,</span> <span class='ocrx_word' id='word_1_111' title='bbox 345 1535 377 1592; x_wconf 89' lang='lat' dir='ltr'>et</span> <span class='ocrx_word' id='word_1_112' title='bbox 397 1528 471 1612; x_wconf 91' lang='lat' dir='ltr'>illa,</span> <span class='ocrx_word' id='word_1_113' title='bbox 499 1552 581 1615; x_wconf 89' lang='lat' dir='ltr'>quae</span> <span class='ocrx_word' id='word_1_114' title='bbox 603 1540 697 1595; x_wconf 87' lang='lat' dir='ltr'>antea</span> <span class='ocrx_word' id='word_1_115' title='bbox 721 1531 756 1596; x_wconf 90' lang='lat' dir='ltr'>in</span> <span class='ocrx_word' id='word_1_116' title='bbox 785 1540 897 1596; x_wconf 89' lang='lat' dir='ltr'>senatu</span> <span class='ocrx_word' id='word_1_117' title='bbox 927 1539 1056 1618; x_wconf 84' lang='lat' dir='ltr'>questus</span> <span class='ocrx_word' id='word_1_118' title='bbox 1090 1563 1092 1570; x_wconf 95' lang='lat'>·</span> 
     </span>
     <span class='ocr_line' id='line_1_16' title="bbox 17 1613 1056 1704; baseline 0.001 -25"><span class='ocrx_word' id='word_1_119' title='bbox 17 1631 18 1684; x_wconf 49' lang='lat'><em>4</em></span> <span class='ocrx_word' id='word_1_120' title='bbox 53 1635 81 1686; x_wconf 80' lang='lat'>15</span> <span class='ocrx_word' id='word_1_121' title='bbox 92 1637 183 1696; x_wconf 88' lang='lat' dir='ltr'>sum,</span> <span class='ocrx_word' id='word_1_122' title='bbox 204 1637 289 1680; x_wconf 85' lang='lat' dir='ltr'>vana</span> <span class='ocrx_word' id='word_1_123' title='bbox 309 1613 414 1679; x_wconf 84' lang='lat' dir='ltr'>forent</span> <span class='ocrx_word' id='word_1_124' title='bbox 458 1617 555 1698; x_wconf 83' lang='lat' dir='ltr'>otius,</span> <span class='ocrx_word' id='word_1_125' title='bbox 586 1639 681 1704; x_wconf 90' lang='lat' dir='ltr'>qnam</span> <span class='ocrx_word' id='word_1_126' title='bbox 702 1617 832 1682; x_wconf 85' lang='lat' dir='ltr'>miseria</span> <span class='ocrx_word' id='word_1_127' title='bbox 859 1639 932 1683; x_wconf 87' lang='lat' dir='ltr'>mcc</span> <span class='ocrx_word' id='word_1_128' title='bbox 959 1616 1056 1680; x_wconf 90' lang='lat' dir='ltr'>fidem</span> 
     </span>
     <span class='ocr_line' id='line_1_17' title="bbox 90 1637 1099 1788; baseline 0 -22"><span class='ocrx_word' id='word_1_129' title='bbox 90 1701 202 1766; x_wconf 85' lang='lat' dir='ltr'>verbis</span> <span class='ocrx_word' id='word_1_130' title='bbox 217 1700 346 1766; x_wconf 84' lang='lat' dir='ltr'>faceret.</span> <span class='ocrx_word' id='word_1_131' title='bbox 382 1637 610 1788; x_wconf 67' lang='lat' dir='ltr'>sedquoniam</span> <span class='ocrx_word' id='word_1_132' title='bbox 626 1714 772 1770; x_wconf 87' lang='lat' dir='ltr'>conatus</span> <span class='ocrx_word' id='word_1_133' title='bbox 795 1726 874 1787; x_wconf 93' lang='lat' dir='ltr'>sum,</span> <span class='ocrx_word' id='word_1_134' title='bbox 896 1714 932 1768; x_wconf 93' lang='lat' dir='ltr'>ut</span> <span class='ocrx_word' id='word_1_135' title='bbox 946 1702 1099 1788; x_wconf 82' lang='lat' dir='ltr'>Iugur-10</span> 
     </span>
     <span class='ocr_line' id='line_1_18' title="bbox 91 1787 1056 1875; baseline 0.002 -23"><span class='ocrx_word' id='word_1_136' title='bbox 91 1787 168 1852; x_wconf 84' lang='lat' dir='ltr'>thse</span> <span class='ocrx_word' id='word_1_137' title='bbox 184 1787 340 1852; x_wconf 87' lang='lat' dir='ltr'>scelerum</span> <span class='ocrx_word' id='word_1_138' title='bbox 356 1789 494 1852; x_wconf 85' lang='lat' dir='ltr'>ostentui</span> <span class='ocrx_word' id='word_1_139' title='bbox 509 1811 622 1872; x_wconf 87' lang='lat' dir='ltr'>essem,</span> <span class='ocrx_word' id='word_1_140' title='bbox 644 1813 710 1854; x_wconf 87' lang='lat' dir='ltr'>non</span> <span class='ocrx_word' id='word_1_141' title='bbox 723 1791 790 1854; x_wconf 87' lang='lat' dir='ltr'>iam</span> <span class='ocrx_word' id='word_1_142' title='bbox 803 1799 938 1856; x_wconf 87' lang='lat' dir='ltr'>mortem</span> <span class='ocrx_word' id='word_1_143' title='bbox 952 1811 1056 1875; x_wconf 89' lang='lat' dir='ltr'>neque</span> 
     </span>
     <span class='ocr_line' id='line_1_19' title="bbox 91 1875 1056 1977; baseline -0.003 -35"><span class='ocrx_word' id='word_1_144' title='bbox 91 1894 280 1956; x_wconf 81' lang='lat' dir='ltr'>aerumnas,</span> <span class='ocrx_word' id='word_1_145' title='bbox 302 1875 520 1939; x_wconf 88' lang='lat' dir='ltr'>tantummodo</span> <span class='ocrx_word' id='word_1_146' title='bbox 534 1876 656 1940; x_wconf 85' lang='lat' dir='ltr'>inimici</span> <span class='ocrx_word' id='word_1_147' title='bbox 669 1876 837 1977; x_wconf 89' lang='lat' dir='ltr'>imperium</span> <span class='ocrx_word' id='word_1_148' title='bbox 853 1885 884 1940; x_wconf 90' lang='lat' dir='ltr'>et</span> <span class='ocrx_word' id='word_1_149' title='bbox 900 1876 1056 1940; x_wconf 82' lang='lat' dir='ltr'>eruciatus</span> 
     </span>
     <span class='ocr_line' id='line_1_20' title="bbox 92 1959 1058 2048; baseline 0.001 -23"><span class='ocrx_word' id='word_1_150' title='bbox 92 1960 237 2047; x_wconf 87' lang='lat' dir='ltr'>corporis</span> <span class='ocrx_word' id='word_1_151' title='bbox 259 1959 423 2047; x_wconf 89' lang='lat' dir='ltr'>deprecor.</span> <span class='ocrx_word' id='word_1_152' title='bbox 467 1960 578 2047; x_wconf 88' lang='lat' dir='ltr'>Regno</span> <span class='ocrx_word' id='word_1_153' title='bbox 599 1961 785 2045; x_wconf 79' lang='lat' dir='ltr'>Numidiae,</span> <span class='ocrx_word' id='word_1_154' title='bbox 808 1961 894 2048; x_wconf 91' lang='lat' dir='ltr'>quod</span> <span class='ocrx_word' id='word_1_155' title='bbox 914 1970 1058 2026; x_wconf 86' lang='lat' dir='ltr'>vostrum</span> 
     </span>
    </p>
   </div>
   <div class='ocr_carea' id='block_1_3' title="bbox 51 2045 1057 2199">
    <p class='ocr_par' dir='ltr' id='par_1_3' title="bbox 51 2045 1057 2199">
     <span class='ocr_line' id='line_1_21' title="bbox 51 2045 1057 2199; baseline 0.002 -89"><span class='ocrx_word' id='word_1_156' title='bbox 51 2067 82 2118; x_wconf 70' lang='grc' dir='ltr'>ιο</span> <span class='ocrx_word' id='word_1_157' title='bbox 93 2056 152 2129; x_wconf 91' lang='lat' dir='ltr'>est,</span> <span class='ocrx_word' id='word_1_158' title='bbox 176 2047 223 2110; x_wconf 86' lang='lat' dir='ltr'>uti</span> <span class='ocrx_word' id='word_1_159' title='bbox 244 2045 342 2129; x_wconf 89' lang='lat' dir='ltr'>lubet,</span> <span class='ocrx_word' id='word_1_160' title='bbox 367 2046 538 2112; x_wconf 85' lang='lat' dir='ltr'>consulite:</span> <span class='ocrx_word' id='word_1_161' title='bbox 561 2070 613 2111; x_wconf 93' lang='lat' dir='ltr'>me</span> <span class='ocrx_word' id='word_1_162' title='bbox 638 2054 700 2131; x_wconf 89' lang='lat' dir='ltr'>[ex]</span> <span class='ocrx_word' id='word_1_163' title='bbox 723 2047 870 2112; x_wconf 90' lang='lat' dir='ltr'>manibus</span> <span class='ocrx_word' id='word_1_164' title='bbox 886 2048 981 2199; x_wconf 73' lang='lat' dir='ltr'>inpiis</span> <span class='ocrx_word' id='word_1_165' title='bbox 997 2049 1057 2112; x_wconf 86' lang='lat' dir='ltr'>eri·</span> 
     </span>
    </p>
   </div>
   <div class='ocr_carea' id='block_1_4' title="bbox 17 2134 1104 3513">
    <p class='ocr_par' dir='ltr' id='par_1_4' title="bbox 17 2134 1104 3513">
     <span class='ocr_line' id='line_1_22' title="bbox 92 2134 1058 2221; baseline 0.002 -25"><span class='ocrx_word' id='word_1_166' title='bbox 92 2134 160 2218; x_wconf 89' lang='lat' dir='ltr'>pite</span> <span class='ocrx_word' id='word_1_167' title='bbox 183 2155 242 2219; x_wconf 88' lang='lat' dir='ltr'>per</span> <span class='ocrx_word' id='word_1_168' title='bbox 262 2134 461 2198; x_wconf 86' lang='lat' dir='ltr'>maiestatem</span> <span class='ocrx_word' id='word_1_169' title='bbox 483 2134 613 2219; x_wconf 88' lang='lat' dir='ltr'>imperi,</span> <span class='ocrx_word' id='word_1_170' title='bbox 635 2157 694 2221; x_wconf 90' lang='lat' dir='ltr'>per</span> <span class='ocrx_word' id='word_1_171' title='bbox 716 2135 874 2199; x_wconf 78' lang='lat' dir='ltr'>amicitiae</span> <span class='ocrx_word' id='word_1_172' title='bbox 894 2134 918 2198; x_wconf 87' lang='lat' dir='ltr'><strong>fi</strong></span> <span class='ocrx_word' id='word_1_173' title='bbox 941 2157 1006 2216; x_wconf 92' lang='lat' dir='ltr'>em,</span> <span class='ocrx_word' id='word_1_174' title='bbox 1030 2135 1058 2198; x_wconf 92' lang='lat' dir='ltr'>si</span> 
     </span>
     <span class='ocr_line' id='line_1_23' title="bbox 92 2218 1057 2306; baseline 0.001 -23"><span class='ocrx_word' id='word_1_175' title='bbox 92 2218 161 2283; x_wconf 88' lang='lat' dir='ltr'>ulla</span> <span class='ocrx_word' id='word_1_176' title='bbox 183 2219 269 2306; x_wconf 86' lang='lat' dir='ltr'>apud</span> <span class='ocrx_word' id='word_1_177' title='bbox 289 2242 347 2285; x_wconf 87' lang='lat' dir='ltr'>vos</span> <span class='ocrx_word' id='word_1_178' title='bbox 362 2220 516 2284; x_wconf 83' lang='lat' dir='ltr'>memoria</span> <span class='ocrx_word' id='word_1_179' title='bbox 535 2230 679 2284; x_wconf 80' lang='lat' dir='ltr'>remanet</span> <span class='ocrx_word' id='word_1_180' title='bbox 700 2221 754 2286; x_wconf 85' lang='lat' dir='ltr'>avi</span> <span class='ocrx_word' id='word_1_181' title='bbox 771 2221 836 2285; x_wconf 92' lang='lat' dir='ltr'>mei</span> <span class='ocrx_word' id='word_1_182' title='bbox 849 2219 1057 2286; x_wconf 70' lang='lat' dir='ltr'>Masinissae!</span> 
     </span>
     <span class='ocr_line' id='line_1_24' title="bbox 157 2304 1104 2394; baseline 0.002 -24"><span class='ocrx_word' id='word_1_183' title='bbox 157 2305 220 2370; x_wconf 93' lang='lat' dir='ltr'>His</span> <span class='ocrx_word' id='word_1_184' title='bbox 241 2304 355 2370; x_wconf 88' lang='lat' dir='ltr'>litteris</span> <span class='ocrx_word' id='word_1_185' title='bbox 376 2306 517 2370; x_wconf 87' lang='lat' dir='ltr'>recitatis</span> <span class='ocrx_word' id='word_1_186' title='bbox 538 2306 641 2390; x_wconf 88' lang='lat' dir='ltr'>fuere,</span> <span class='ocrx_word' id='word_1_187' title='bbox 665 2308 720 2394; x_wconf 90' lang='lat' dir='ltr'>qui</span> <span class='ocrx_word' id='word_1_188' title='bbox 735 2308 911 2372; x_wconf 88' lang='lat' dir='ltr'>exercitum</span> <span class='ocrx_word' id='word_1_189' title='bbox 925 2309 959 2371; x_wconf 91' lang='lat' dir='ltr'>in</span> <span class='ocrx_word' id='word_1_190' title='bbox 972 2306 1104 2381; x_wconf 77' lang='lat' dir='ltr'>Afri-25</span> 
     </span>
     <span class='ocr_line' id='line_1_25' title="bbox 94 2391 1057 2480; baseline 0.002 -24"><span class='ocrx_word' id='word_1_191' title='bbox 94 2413 166 2456; x_wconf 86' lang='lat' dir='ltr'>cam</span> <span class='ocrx_word' id='word_1_192' title='bbox 188 2391 379 2456; x_wconf 76' lang='lat' dir='ltr'>mittrmdum</span> <span class='ocrx_word' id='word_1_193' title='bbox 401 2403 582 2475; x_wconf 81' lang='lat' dir='ltr'>censerent,</span> <span class='ocrx_word' id='word_1_194' title='bbox 605 2401 637 2457; x_wconf 88' lang='lat' dir='ltr'>et</span> <span class='ocrx_word' id='word_1_195' title='bbox 680 2416 754 2458; x_wconf 91' lang='lat' dir='ltr'>uam</span> <span class='ocrx_word' id='word_1_196' title='bbox 775 2394 913 2480; x_wconf 90' lang='lat' dir='ltr'>primum</span> <span class='ocrx_word' id='word_1_197' title='bbox 933 2393 1057 2458; x_wconf 89' lang='lat' dir='ltr'>Adher·</span> 
     </span>
     <span class='ocr_line' id='line_1_26' title="bbox 52 2477 1057 2564; baseline -0.004 -16"><span class='ocrx_word' id='word_1_198' title='bbox 52 2478 160 2548; x_wconf 71' lang='lat' dir='ltr'>tabell</span> <span class='ocrx_word' id='word_1_199' title='bbox 190 2477 462 2564; x_wconf 78' lang='lat' dir='ltr'>subveniundum3</span> <span class='ocrx_word' id='word_1_200' title='bbox 494 2477 537 2544; x_wconf 74' lang='lat' dir='ltr'>:le</span> <span class='ocrx_word' id='word_1_201' title='bbox 565 2479 582 2543; x_wconf 95' lang='lat' dir='ltr'>I</span> <span class='ocrx_word' id='word_1_202' title='bbox 699 2503 719 2545; x_wconf 87' lang='lat' dir='ltr'>a</span> <span class='ocrx_word' id='word_1_203' title='bbox 747 2480 874 2546; x_wconf 90' lang='lat' dir='ltr'>interim</span> <span class='ocrx_word' id='word_1_204' title='bbox 904 2481 950 2545; x_wconf 88' lang='lat' dir='ltr'>uti</span> <span class='ocrx_word' id='word_1_205' title='bbox 984 2501 1057 2545; x_wconf 90' lang='lat' dir='ltr'>con·</span> 
     </span>
     <span class='ocr_line' id='line_1_27' title="bbox 93 2564 1082 2654; baseline 0.007 -26"><span class='ocrx_word' id='word_1_206' title='bbox 93 2564 266 2646; x_wconf 84' lang='lat' dir='ltr'>suleretur,</span> <span class='ocrx_word' id='word_1_207' title='bbox 297 2566 446 2652; x_wconf 88' lang='lat' dir='ltr'>quoniam</span> <span class='ocrx_word' id='word_1_208' title='bbox 476 2565 589 2651; x_wconf 82' lang='lat' dir='ltr'>legatis</span> <span class='ocrx_word' id='word_1_209' title='bbox 621 2588 686 2631; x_wconf 93' lang='lat' dir='ltr'>non</span> <span class='ocrx_word' id='word_1_210' title='bbox 712 2569 880 2654; x_wconf 79' lang='lat' dir='ltr'>paruisset.</span> <span class='ocrx_word' id='word_1_211' title='bbox 924 2565 990 2631; x_wconf 84' lang='lat' dir='ltr'>Sed</span> <span class='ocrx_word' id='word_1_212' title='bbox 1016 2565 1082 2635; x_wconf 75' lang='lat' dir='ltr'>abt</span> 
     </span>
     <span class='ocr_line' id='line_1_28' title="bbox 94 2650 1057 2736; baseline 0.002 -22"><span class='ocrx_word' id='word_1_213' title='bbox 94 2651 215 2716; x_wconf 87' lang='lat' dir='ltr'>eisdem</span> <span class='ocrx_word' id='word_1_214' title='bbox 238 2650 302 2714; x_wconf 91' lang='lat' dir='ltr'>illis</span> <span class='ocrx_word' id='word_1_215' title='bbox 324 2652 409 2736; x_wconf 84' lang='lat' dir='ltr'>regis</span> <span class='ocrx_word' id='word_1_216' title='bbox 431 2651 607 2717; x_wconf 77' lang='lat' dir='ltr'>fautoribus</span> <span class='ocrx_word' id='word_1_217' title='bbox 631 2675 794 2718; x_wconf 90' lang='lat' dir='ltr'>summac</span> <span class='ocrx_word' id='word_1_218' title='bbox 819 2676 836 2718; x_wconf 93' lang='lat' dir='ltr'>e</span> <span class='ocrx_word' id='word_1_219' title='bbox 859 2652 992 2734; x_wconf 88' lang='lat' dir='ltr'>enisum,</span> <span class='ocrx_word' id='word_1_220' title='bbox 1014 2675 1057 2716; x_wconf 89' lang='lat' dir='ltr'>ne</span> 
     </span>
     <span class='ocr_line' id='line_1_29' title="bbox 93 2736 1082 2826; baseline 0.008 -26"><span class='ocrx_word' id='word_1_221' title='bbox 93 2736 158 2801; x_wconf 84' lang='lat' dir='ltr'>tale</span> <span class='ocrx_word' id='word_1_222' title='bbox 182 2737 343 2801; x_wconf 86' lang='lat' dir='ltr'>decretum</span> <span class='ocrx_word' id='word_1_223' title='bbox 365 2737 466 2802; x_wconf 88' lang='lat' dir='ltr'>fieret.</span> <span class='ocrx_word' id='word_1_224' title='bbox 510 2737 561 2802; x_wconf 87' lang='lat' dir='ltr'>Ita</span> <span class='ocrx_word' id='word_1_225' title='bbox 588 2739 709 2804; x_wconf 90' lang='lat' dir='ltr'>bonum</span> <span class='ocrx_word' id='word_1_226' title='bbox 737 2739 803 2826; x_wconf 89' lang='lat' dir='ltr'>pub</span> <span class='ocrx_word' id='word_1_227' title='bbox 819 2741 918 2822; x_wconf 73' lang='lat' dir='ltr'>cum,</span> <span class='ocrx_word' id='word_1_228' title='bbox 947 2739 995 2802; x_wconf 91' lang='lat' dir='ltr'>uti</span> <span class='ocrx_word' id='word_1_229' title='bbox 1022 2739 1082 2808; x_wconf 77' lang='lat' dir='ltr'>int</span> 
     </span>
     <span class='ocr_line' id='line_1_30' title="bbox 116 2822 1056 2912; baseline 0.002 -25"><span class='ocrx_word' id='word_1_230' title='bbox 116 2822 256 2908; x_wconf 85' lang='lat' dir='ltr'>lorisque</span> <span class='ocrx_word' id='word_1_231' title='bbox 289 2824 425 2908; x_wconf 85' lang='lat' dir='ltr'>negotiis</span> <span class='ocrx_word' id='word_1_232' title='bbox 460 2823 557 2907; x_wconf 86' lang='lat' dir='ltr'>solet,</span> <span class='ocrx_word' id='word_1_233' title='bbox 594 2826 720 2912; x_wconf 88' lang='lat' dir='ltr'>privata</span> <span class='ocrx_word' id='word_1_234' title='bbox 751 2826 855 2911; x_wconf 83' lang='lat' dir='ltr'>gratia</span> <span class='ocrx_word' id='word_1_235' title='bbox 887 2825 1056 2890; x_wconf 87' lang='lat' dir='ltr'>devictum.</span> 
     </span>
     <span class='ocr_line' id='line_1_31' title="bbox 52 2845 1084 2995; baseline 0 -22"><span class='ocrx_word' id='word_1_236' title='bbox 52 2845 257 2995; x_wconf 59' lang='lat' dir='ltr'>solegantur</span> <span class='ocrx_word' id='word_1_237' title='bbox 278 2918 385 2973; x_wconf 89' lang='lat' dir='ltr'>tamen</span> <span class='ocrx_word' id='word_1_238' title='bbox 406 2911 440 2972; x_wconf 95' lang='lat' dir='ltr'>in</span> <span class='ocrx_word' id='word_1_239' title='bbox 461 2909 605 2974; x_wconf 79' lang='lat' dir='ltr'>Africam</span> <span class='ocrx_word' id='word_1_240' title='bbox 633 2911 770 2976; x_wconf 85' lang='lat' dir='ltr'>maiores</span> <span class='ocrx_word' id='word_1_241' title='bbox 799 2920 894 2995; x_wconf 89' lang='lat' dir='ltr'>natu,</span> <span class='ocrx_word' id='word_1_242' title='bbox 921 2909 1084 2994; x_wconf 62' lang='lat' dir='ltr'>nobilest</span> 
     </span>
     <span class='ocr_line' id='line_1_32' title="bbox 93 2995 1056 3083; baseline 0 -23"><span class='ocrx_word' id='word_1_243' title='bbox 93 2995 209 3083; x_wconf 87' lang='lat' dir='ltr'>amplis</span> <span class='ocrx_word' id='word_1_244' title='bbox 231 2995 404 3062; x_wconf 90' lang='lat' dir='ltr'>honoribus</span> <span class='ocrx_word' id='word_1_245' title='bbox 426 2997 493 3078; x_wconf 73' lang='lat' dir='ltr'>usi,</span> <span class='ocrx_word' id='word_1_246' title='bbox 523 2997 557 3059; x_wconf 92' lang='lat' dir='ltr'>in</span> <span class='ocrx_word' id='word_1_247' title='bbox 580 2998 649 3083; x_wconf 93' lang='lat' dir='ltr'>quis</span> <span class='ocrx_word' id='word_1_248' title='bbox 672 2997 731 3062; x_wconf 83' lang='lat' dir='ltr'>fuit</span> <span class='ocrx_word' id='word_1_249' title='bbox 757 2996 885 3062; x_wconf 88' lang='lat' dir='ltr'>Marcus</span> <span class='ocrx_word' id='word_1_250' title='bbox 908 2995 1056 3080; x_wconf 82' lang='lat' dir='ltr'>Scaurus,</span> 
     </span>
     <span class='ocr_line' id='line_1_33' title="bbox 94 3081 1058 3170; baseline 0 -25"><span class='ocrx_word' id='word_1_251' title='bbox 94 3081 136 3146; x_wconf 92' lang='lat' dir='ltr'>de</span> <span class='ocrx_word' id='word_1_252' title='bbox 158 3104 221 3168; x_wconf 91' lang='lat' dir='ltr'>quo</span> <span class='ocrx_word' id='word_1_253' title='bbox 243 3103 340 3170; x_wconf 86' lang='lat' dir='ltr'>supra</span> <span class='ocrx_word' id='word_1_254' title='bbox 368 3083 631 3166; x_wconf 87' lang='lat' dir='ltr'>memoravimus,</span> <span class='ocrx_word' id='word_1_255' title='bbox 662 3082 839 3148; x_wconf 68' lang='lat' dir='ltr'>consederis</span> <span class='ocrx_word' id='word_1_256' title='bbox 868 3090 901 3146; x_wconf 88' lang='lat' dir='ltr'>et</span> <span class='ocrx_word' id='word_1_257' title='bbox 928 3098 995 3146; x_wconf 85' lang='lat' dir='ltr'>tum</span> <span class='ocrx_word' id='word_1_258' title='bbox 1023 3083 1058 3146; x_wconf 91' lang='lat' dir='ltr'>in</span> 
     </span>
     <span class='ocr_line' id='line_1_34' title="bbox 94 3166 1082 3256; baseline 0.004 -23.711"><span class='ocrx_word' id='word_1_259' title='bbox 94 3177 208 3233; x_wconf 88' lang='lat' dir='ltr'>senatu</span> <span class='ocrx_word' id='word_1_260' title='bbox 250 3170 387 3252; x_wconf 90' lang='lat' dir='ltr'>rinceps.</span> <span class='ocrx_word' id='word_1_261' title='bbox 416 3167 475 3252; x_wconf 84' lang='lat' dir='ltr'>Ei,</span> <span class='ocrx_word' id='word_1_262' title='bbox 498 3168 584 3256; x_wconf 91' lang='lat' dir='ltr'>quod</span> <span class='ocrx_word' id='word_1_263' title='bbox 604 3169 704 3233; x_wconf 88' lang='lat' dir='ltr'>resin</span> <span class='ocrx_word' id='word_1_264' title='bbox 719 3169 840 3234; x_wconf 89' lang='lat' dir='ltr'>invidia</span> <span class='ocrx_word' id='word_1_265' title='bbox 863 3177 939 3252; x_wconf 85' lang='lat' dir='ltr'>erat,</span> <span class='ocrx_word' id='word_1_266' title='bbox 963 3166 1082 3236; x_wconf 78' lang='lat' dir='ltr'>simulo</span> 
     </span>
     <span class='ocr_line' id='line_1_35' title="bbox 17 3191 1056 3337; baseline 0 -19"><span class='ocrx_word' id='word_1_267' title='bbox 17 3269 18 3288; x_wconf 74' lang='lat'><em>²</em></span> <span class='ocrx_word' id='word_1_268' title='bbox 94 3264 127 3318; x_wconf 86' lang='lat' dir='ltr'>et</span> <span class='ocrx_word' id='word_1_269' title='bbox 156 3253 196 3320; x_wconf 91' lang='lat' dir='ltr'>ab</span> <span class='ocrx_word' id='word_1_270' title='bbox 225 3191 372 3320; x_wconf 73' lang='lat' dir='ltr'>ilumidis</span> <span class='ocrx_word' id='word_1_271' title='bbox 402 3253 575 3337; x_wconf 77' lang='lat' dir='ltr'>obsecrati,</span> <span class='ocrx_word' id='word_1_272' title='bbox 608 3255 712 3320; x_wconf 89' lang='lat' dir='ltr'>triduo</span> <span class='ocrx_word' id='word_1_273' title='bbox 742 3255 851 3320; x_wconf 82' lang='lat' dir='ltr'>navim</span> <span class='ocrx_word' id='word_1_274' title='bbox 873 3253 1056 3337; x_wconf 87' lang='lat' dir='ltr'>ascendere,</span> 
     </span>
     <span class='ocr_line' id='line_1_36' title="bbox 17 3335 1056 3427; baseline -0.002 -22"><span class='ocrx_word' id='word_1_275' title='bbox 17 3335 18 3386; x_wconf 66' lang='lat' dir='ltr'>l</span> <span class='ocrx_word' id='word_1_276' title='bbox 51 3361 83 3412; x_wconf 74' lang='lat'>35</span> <span class='ocrx_word' id='word_1_277' title='bbox 94 3340 170 3405; x_wconf 86' lang='lat' dir='ltr'>dein</span> <span class='ocrx_word' id='word_1_278' title='bbox 192 3339 284 3406; x_wconf 85' lang='lat' dir='ltr'>brevi</span> <span class='ocrx_word' id='word_1_279' title='bbox 294 3342 424 3412; x_wconf 83' lang='lat' dir='ltr'>Vticam</span> <span class='ocrx_word' id='word_1_280' title='bbox 439 3340 565 3426; x_wconf 87' lang='lat' dir='ltr'>adpulsi</span> <span class='ocrx_word' id='word_1_281' title='bbox 587 3340 706 3407; x_wconf 84' lang='lat' dir='ltr'>litteras</span> <span class='ocrx_word' id='word_1_282' title='bbox 730 3341 772 3406; x_wconf 90' lang='lat' dir='ltr'>ad</span> <span class='ocrx_word' id='word_1_283' title='bbox 785 3339 972 3427; x_wconf 73' lang='lat' dir='ltr'>Iugmtham</span> <span class='ocrx_word' id='word_1_284' title='bbox 986 3339 1056 3404; x_wconf 91' lang='lat' dir='ltr'>mit·</span> 
     </span>
     <span class='ocr_line' id='line_1_37' title="bbox 92 3426 1056 3513; baseline -0.002 -21"><span class='ocrx_word' id='word_1_285' title='bbox 92 3435 181 3510; x_wconf 88' lang='lat' dir='ltr'>tunt,</span> <span class='ocrx_word' id='word_1_286' title='bbox 204 3449 300 3513; x_wconf 86' lang='lat' dir='ltr'>quam</span> <span class='ocrx_word' id='word_1_287' title='bbox 323 3429 481 3491; x_wconf 86' lang='lat' dir='ltr'>ocissume</span> <span class='ocrx_word' id='word_1_288' title='bbox 504 3426 546 3491; x_wconf 89' lang='lat' dir='ltr'>ad</span> <span class='ocrx_word' id='word_1_289' title='bbox 566 3429 765 3513; x_wconf 86' lang='lat' dir='ltr'>provinciam</span> <span class='ocrx_word' id='word_1_290' title='bbox 787 3427 935 3511; x_wconf 88' lang='lat' dir='ltr'>accedat,</span> <span class='ocrx_word' id='word_1_291' title='bbox 958 3447 1056 3513; x_wconf 88' lang='lat' dir='ltr'>seque</span> 
     </span>
    </p>
   </div>
   <div class='ocr_carea' id='block_1_5' title="bbox 92 3513 1082 3664">
    <p class='ocr_par' dir='ltr' id='par_1_5' title="bbox 92 3513 1082 3664">
     <span class='ocr_line' id='line_1_38' title="bbox 92 3513 1082 3664; baseline 0.003 -84"><span class='ocrx_word' id='word_1_292' title='bbox 92 3513 136 3580; x_wconf 88' lang='lat' dir='ltr'>ad</span> <span class='ocrx_word' id='word_1_293' title='bbox 157 3535 231 3579; x_wconf 87' lang='lat' dir='ltr'>eum</span> <span class='ocrx_word' id='word_1_294' title='bbox 253 3513 293 3578; x_wconf 89' lang='lat' dir='ltr'>ab</span> <span class='ocrx_word' id='word_1_295' title='bbox 316 3523 428 3579; x_wconf 89' lang='lat' dir='ltr'>senatu</span> <span class='ocrx_word' id='word_1_296' title='bbox 448 3513 573 3578; x_wconf 87' lang='lat' dir='ltr'>missos.</span> <span class='ocrx_word' id='word_1_297' title='bbox 603 3513 663 3579; x_wconf 87' lang='lat' dir='ltr'>Ille</span> <span class='ocrx_word' id='word_1_298' title='bbox 684 3513 741 3580; x_wconf 91' lang='lat' dir='ltr'>ubi</span> <span class='ocrx_word' id='word_1_299' title='bbox 755 3513 1082 3664; x_wconf 69' lang='lat' dir='ltr'>accepit5hominess</span> 
     </span>
     <span class='ocr_line' id='line_1_39' title="bbox 118 3615 232 3659; baseline -0.009 0"><span class='ocrx_word' id='word_1_300' title='bbox 118 3615 232 3659; x_wconf 70' lang='lat' dir='ltr'>aranu·</span> 
     </span>
    </p>
   </div>
   <div class='ocr_carea' id='block_1_6' title="bbox 0 0 1264 3966">
    <p class='ocr_par' dir='ltr' id='par_1_6' title="bbox 0 0 1264 3966">
     <span class='ocr_line' id='line_1_40' title="bbox 0 0 1264 3966; baseline 0 0"><span class='ocrx_word' id='word_1_301' title='bbox 0 0 1264 3966; x_wconf 95' lang='lat' dir='ltr'> </span> 
     </span>
    </p>
   </div>
  </div>
 </body>
</html>
