2502 3968
403 271 631 339 IVGVRTHA
650 273 737 338 4-5
1000 277 1046 344 49

88 442 256 511 bominum
276 444 311 510 in
332 452 476 510 senatum
489 445 701 532 perseumint,
716 444 858 533 profesto
873 447 1044 515 existamu-

88 528 173 594 bunt
192 550 245 595 me
265 530 367 615 magis
388 529 500 596 merito
522 551 617 617 quam
630 531 761 618 ignwis
780 532 932 600 iuditium
945 533 1042 598 animi

90 617 179 697 [mei]
201 616 382 697 mutavisse,
405 615 570 703 maiusque
593 617 793 688 commodum
822 639 863 682 ex
885 620 949 683 etio
971 639 1043 684 meo

113 722 189 764 uam
211 722 253 764 ex
280 699 414 764 aliorum
442 703 580 786 negotiis
607 703 656 766 rei
687 702 835 787 publicae
863 713 1042 769 venturum.

43 791 58 838 ⁸
121 808 174 850 am
195 806 291 874 saepe
306 806 366 872 ego
388 785 496 852 audivi
511 785 663 866 Quintum
676 786 871 872 Maxumum,
894 788 1067 861 Publiums

88 871 283 958 Scipionem,
275 878 455 1022 dprseterea
470 873 606 938 civitatis
620 881 748 938 nostrae
762 873 941 959 praeclaros
955 875 1041 939 viros

89 956 203 1024 solitus
215 957 262 1022 ita
308 978 396 1024 esre:
411 979 483 1022 eum
497 958 652 1024 maiorum
667 959 821 1043 imagines
836 960 1041 1042 intuerentur,

87 1042 379 1110 vehementissume
401 1042 463 1108 sibi
490 1044 631 1109 animum
660 1043 701 1108 ad
722 1044 872 1108 virtutem
900 1044 1040 1110 attendi.

88 1127 222 1194 Scilicet
241 1150 307 1193 non
329 1149 435 1194 esrem
456 1127 546 1194 illam
566 1150 671 1216 neque
691 1127 827 1214 figuram
841 1138 961 1193 tantam
974 1131 1066 1202 vima

48 1215 123 1279 ¹⁰in
145 1234 218 1279 sese
239 1213 365 1297 babere,
396 1213 454 1279 sed
474 1216 627 1280 memoria
653 1235 760 1279 rerum
789 1222 949 1300 gestarum
971 1237 1042 1280 eam

87 1299 250 1364 flammam
272 1299 408 1400 egregiis
435 1300 513 1364 viris
533 1301 567 1364 in
588 1308 717 1386 pestere
745 1320 905 1384 creseere,
937 1322 979 1365 ne
1000 1323 1042 1365 ue

86 1386 178 1470 prius
201 1384 304 1448 sedam
325 1406 420 1470 quam
441 1387 542 1450 virtus
573 1407 682 1450 eorum
713 1384 831 1450 famam
859 1394 955 1488 atque
976 1323 1042 1471 glo·

86 1471 169 1534 riam
185 1469 417 1555 adaequaverit
460 1469 505 1534 At
527 1479 636 1535 senua
657 1471 728 1557 quis
761 1480 810 1535 est
831 1493 971 1537 ommum
992 1471 1064 1536 hist

85 1554 240 1637 moribus,
263 1556 339 1640 quin
372 1555 490 1621 divitiis
518 1565 551 1622 et
572 1555 764 1642 sumptibus,
792 1578 858 1622 nou
885 1557 1044 1644 probitate

46 1643 76 1692 ¹⁵
85 1662 193 1726 neque
214 1639 369 1705 industria
383 1662 455 1705 eum
469 1642 640 1708 maioribus
655 1642 722 1707 suis
738 1642 931 1708 eontendat?
946 1642 1044 1708 etiam

85 1726 232 1792 homiues
253 1726 339 1808 novi,
362 1726 416 1812 qui
445 1739 539 1792 autea
566 1751 625 1814 per
652 1727 803 1793 virtutem
839 1727 924 1795 soliti
953 1737 1044 1792 eraut

85 1809 286 1876 nobilitatem
301 1819 373 1874 aute
388 1813 508 1895 venire,
519 1813 628 1878 fimtim
642 1821 674 1878 et
687 1835 747 1900 per
761 1812 927 1879 latrocinia
936 1814 1041 1900 potius

87 1919 184 1982 quam
204 1895 298 1962 bonis
321 1897 442 1962 artibus
458 1898 499 1962 ad
519 1899 654 1985 imperia
676 1907 708 1964 et
728 1898 865 1965 honores
880 1901 1040 1964 nitrmtur:

86 1983 222 2132 proinde
236 1981 329 2070 quasi
350 1991 498 2068 praetura
509 1993 540 2048 et
554 1984 734 2049 consulatus
750 1994 845 2071 atque
860 1983 922 2048 alia
935 1983 1064 2050 omnies

43 2071 75 2120 ²⁰
108 2069 219 2134 uiusee
240 2067 327 2133 medi
355 2090 414 2154 per
435 2089 470 2132 se
496 2069 567 2154 ipsa
596 2069 683 2134 clara
708 2077 740 2133 et
769 2069 940 2155 magnifica
968 2069 1040 2150 sint,

86 2175 126 2219 ae
145 2175 212 2218 non
232 2151 365 2239 perinde
387 2152 576 2237 habeantur,
607 2163 642 2218 ut
668 2177 778 2219 eorum
790 2154 860 2304 apul
890 2176 928 2219 ea
949 2153 1041 2219 susti·

86 2248 165 2308 nent
185 2240 286 2304 virtus
308 2247 365 2303 est.
409 2237 529 2304 Verum
551 2261 610 2324 ego
633 2239 764 2304 liberius
822 2249 947 2327 trusque
967 2255 1062 2325 pro-t

87 2326 180 2408 sessi,
203 2323 278 2389 dum
299 2345 351 2388 me
366 2325 502 2390 civitatis
517 2346 641 2390 morum
655 2325 743 2410 piget
756 2324 941 2413 taedetque;
955 2345 1041 2390 nune

87 2410 130 2476 ad
149 2412 312 2496 inceptum
333 2409 441 2474 redeo.

44 2498 76 2548 ²⁵
152 2495 279 2560 Bellum
302 2496 476 2581 scripturus
499 2518 585 2578 sum,
616 2494 701 2582 quod
721 2494 859 2582 populus
880 2497 1069 2568 Romanuss

88 2605 161 2648 eum
193 2579 364 2666 Iugurtha,
392 2601 470 2666 rege
498 2580 722 2663 Numidarum,
759 2583 874 2666 gessit,
904 2582 1040 2667 primum

88 2669 163 2755 quia
184 2689 334 2752 magnum
356 2675 389 2732 st
409 2675 504 2734 atrox
532 2669 684 2755 variaque
712 2668 847 2733 victoria
867 2665 942 2751 fuit,
965 2667 1038 2732 dein

88 2755 163 2840 quia
184 2761 260 2818 tuus
280 2753 418 2838 primum
440 2775 478 2819 su
501 2751 794 2840 ,erbiaenobilitatis
810 2752 939 2819 obviam
958 2754 1037 2816 itum

88 2848 146 2923 est,
169 2859 252 2925 quae
273 2839 432 2906 eontentio
487 2840 572 2904 'vina
605 2847 636 2902 et
665 2838 803 2903 humana
832 2845 947 2903 euneta
966 2855 1060 2926 per-t

46 2925 217 2991 ³⁰miseuit
237 2946 337 3012 eoque
357 2925 526 2993 vecordiae
547 2925 711 3011 processit,
734 2926 781 2989 uti
802 2924 915 2990 studiis
931 2922 1036 2988 'eivili-

87 3011 148 3076 bus
170 3010 290 3076 bellum
311 3018 404 3095 atque
425 3011 556 3076 vastitas
578 3009 688 3074 Italiae
707 3009 803 3074 finem
824 3009 951 3076 faceret
974 3007 1061 3073 Sedu

87 3099 176 3183 prius
191 3118 285 3182 quam
299 3095 431 3162 huiusce
445 3096 531 3160 modi
545 3097 592 3160 rei
606 3097 730 3160 initium
745 3095 922 3182 expediam,
937 3115 1039 3180 pauea

89 3204 185 3282 supra
205 3191 355 3282 repetam,
372 3201 433 3281 quo
449 3181 490 3246 ad
505 3181 759 3282 cognoscendum
774 3181 880 3246 omnia
892 3179 1039 3244 inlustria

49 3291 121 3406 “m
163 3289 264 3418 lselllla
285 3288 378 3417 ddll
397 3276 716 3440 lebedlrllrdfqlldtdux
731 3349 1064 3450 Carthaginiensium!

88 3437 250 3505 Hannibal
271 3446 344 3525 post
363 3437 611 3540 magnitudinem
625 3437 761 3505 nominis
772 3435 907 3503 Romani
926 3435 1038 3502 ltalrae

90 3547 166 3613 opes
188 3543 337 3590 maxume
357 3532 528 3606 attriverat,
550 3523 720 3589 Masinissa
741 3527 800 3588 rex
820 3521 1037 3673 iiumidamm,

131 3625 246 3670 sallustius
