2502 3968
374 253 580 318 CATILINA
601 254 736 319 51-52
991 257 1033 324 35

74 429 284 492 imitarentur.
313 425 413 490 Arma
427 434 520 512 atque
535 425 599 490 tela
613 425 761 492 militaria
775 425 815 492 ab
832 426 1034 512 Samnitibus,
1045 450 1077 502 aa

74 513 217 599 insignia
244 513 483 597 magistratuum
518 535 539 575 a
567 512 680 576 Tuscis
714 511 866 599 pleraque
895 536 1034 602 sumpse·

74 609 166 664 runt:
189 607 349 685 postremo
372 597 457 683 quod
478 597 595 683 ubique
622 597 707 684 apud
736 600 838 663 socios
861 609 915 664 aut
936 599 1036 667 hostis

72 684 227 750 idoneum
247 682 425 766 videbatur,
448 705 519 747 eum
542 706 663 748 summo
680 683 783 748 studio
799 684 884 750 domi
899 708 958 751 exe
980 708 1034 751 ue·

52 772 209 854 sbantur3
231 770 348 834 imitari
370 791 463 856 quam
485 769 628 834 invidere
649 769 741 834 bonis
764 770 932 836 malebant.
995 769 1074 846 adse

76 856 192 922 eodem
225 855 281 920 illo
315 867 455 941 tempore
484 854 638 920 Graeciae
672 877 794 920 morsm
822 857 935 922 imitati
963 879 1034 922 ver·

74 942 207 1008 beribus
235 940 530 1006 animadvortebant
561 942 595 1004 iu
624 942 717 1023 civis,
752 940 791 1005 de
819 942 1035 1008 condemnatis

77 1051 236 1092 summum
252 1028 440 1113 supplicium
456 1027 632 1092 sumebant
654 1027 826 1114 Postquam
841 1051 892 1093 res
906 1029 1077 1114 publicus

76 1113 219 1180 adolevit
239 1122 272 1178 et
293 1112 493 1178 multitudine
516 1114 633 1178 civium
646 1113 799 1179 factiones
814 1113 953 1197 valuere,
977 1116 1036 1180 eir·

39 1227 67 1275 tt
77 1201 255 1266 cumveniri
269 1200 463 1282 innoeentes,
487 1198 550 1263 alia
563 1200 694 1263 huiusce
708 1199 795 1264 modi
810 1198 880 1264 fieri
895 1222 1038 1287 coepere,

75 1296 145 1352 tum
167 1284 222 1349 lex
243 1285 358 1349 Porcia
379 1284 524 1371 aliaeque
546 1284 633 1370 leges
655 1295 785 1371 paratae
808 1295 895 1367 sunt,
924 1287 1038 1373 quibus

76 1370 204 1458 legibus
227 1370 358 1435 exilium
381 1371 535 1435 damnatis
558 1372 747 1456 permissum
769 1381 825 1436 est.
862 1372 933 1458 Ego
957 1371 1079 1448 hanon

78 1479 240 1539 caussam,
269 1465 375 1558 patres
399 1457 568 1544 conscripti
575 1506 584 1540 ,
616 1480 676 1543 quo
698 1458 802 1522 minus
825 1479 943 1524 novum
965 1481 1039 1524 eon·

78 1543 186 1608 silium
209 1565 386 1628 eapramus,
408 1542 442 1606 in
463 1543 574 1629 primis
595 1566 744 1628 magnam
765 1553 851 1628 puto.
893 1543 1039 1609 Profecto
1048 1570 1079 1622 η

7 1671 8 1704 l
40 1631 181 1700 avimus
204 1638 298 1716 atque
321 1629 475 1714 sapientia
491 1630 591 1694 maior
612 1631 645 1692 in
666 1628 730 1692 illis
752 1629 819 1712 fuit,
843 1631 897 1716 qui
913 1653 954 1694 ex
968 1653 1039 1716 par-

77 1717 130 1780 vis
153 1714 265 1801 opibus
288 1723 409 1779 tantum
431 1716 599 1801 imperium
620 1715 742 1798 fecere,
765 1738 859 1801 quam
882 1717 915 1779 in
937 1715 1038 1800 nobis,

79 1803 135 1888 qui
158 1824 197 1866 ea
217 1800 300 1866 bene
320 1809 413 1887 parta
433 1803 490 1866 vix
511 1802 692 1866 retinemus

144 1886 255 1952 Placet
275 1888 373 1974 igitur
394 1909 448 1952 eos
465 1887 578 1952 dimitti
594 1897 625 1951 et
640 1888 749 1973 augeri
765 1883 939 1954 exereitum
956 1887 1074 1968 Cati-tt

79 1973 190 2038 linae?
219 1973 379 2058 Minum03
402 1974 524 2038 sedita
546 1995 675 2038 censeo:
698 1971 907 2122 publicandas
930 1996 1040 2038 eorum

38 2059 247 2147 nopecuuias‚
274 2061 361 2145 ipsos
384 2061 417 2124 in
438 2058 573 2125 vinculis
595 2058 700 2123 haben
723 2081 758 2123 os
779 2080 838 2145 per
859 2061 1040 2145 municipia,

80 2167 163 2232 quae
193 2167 342 2210 maxume
372 2146 484 2231 opibus
506 2145 629 2228 valent3
659 2145 771 2294 nappis
801 2145 909 2210 desis
931 2155 1042 2231 postea

80 2232 123 2296 ad
146 2241 289 2295 senatum
304 2231 428 2314 referat,
451 2253 533 2295 neve
549 2253 621 2294 eum
635 2253 698 2317 pop
734 2253 752 2294 0
768 2239 858 2316 agat:
881 2233 936 2317 qui
951 2231 1042 2296 aliter

79 2318 208 2401 feeerit,
240 2327 383 2382 senatum
406 2319 597 2382 existumare
620 2337 692 2380 eum
715 2325 824 2381 eontra
850 2340 918 2382 rem
939 2317 1040 2404 publi-

81 2425 153 2468 cam
176 2413 207 2467 et
228 2403 361 2468 salutem
384 2405 523 2468 omnium
544 2399 715 2467 facturum!

37 2511 68 2559 25
146 2489 317 2575 Postquam
334 2488 453 2554 Caesar
471 2489 601 2553 dicundi
613 2488 709 2552 finem
724 2488 807 2573 feeit,
832 2492 928 2554 ceteri
942 2490 1083 2558 verbo52

80 2575 162 2639 alius
179 2574 233 2638 alii
243 2577 331 2639 varie
343 2575 614 2658 adsentiebantur3
630 2586 662 2639 at
670 2575 797 2640 Marsus
808 2575 938 2640 Porcius
952 2574 1041 2660 Cato,

79 2670 211 2746 rogatus
234 2663 438 2745 sententiam,
460 2660 699 2726 huiuscemodi
721 2661 895 2727 orationem
916 2661 1040 2727 habuitz

77 2743 203 2832 ‘Longe
226 2747 289 2810 alia
310 2747 388 2811 mihi
409 2770 499 2812 mens
523 2757 584 2830 est,
617 2757 723 2833 patrea
755 2749 942 2835 conscripti,
970 2765 1067 2814 cuma

80 2856 134 2897 res
158 2842 251 2919 atque
297 2832 416 2898 erioula
436 2842 545 2899 nostra
567 2833 751 2917 considero,
776 2843 807 2898 et
829 2857 901 2898 eum
917 2844 1041 2898 senten-

38 2919 143 2993 aotias
165 2857 387 2984 nonnullorum
409 2920 477 3006 ipse
499 2940 626 2983 meeum
639 2927 761 3005 reputo.
805 2917 857 2983 llli
879 2919 956 2984 mihi
979 2918 1065 2984 dis-t

82 3005 219 3068 semisse
235 3006 382 3069 videntur
405 3005 444 3069 de
465 3027 570 3093 poena
585 3027 703 3087 eorum,
727 3006 781 3091 qui
795 3007 915 3091 patriae
929 3027 1041 3091 paren·

80 3090 184 3172 tibus,
215 3092 277 3154 aris
307 3100 402 3178 atque
431 3090 511 3156 focis
543 3093 608 3155 suia
637 3090 757 3155 bellum
786 3113 956 3178 paravere3
990 3112 1041 3154 res

82 3185 189 3240 autem
210 3187 333 3260 monet,
357 3199 471 3242 cavere
494 3176 534 3241 ab
557 3175 620 3241 illis
642 3178 762 3262 magis,
794 3197 888 3261 quam
911 3175 987 3262 quid
1008 3177 1042 3240 in

80 3262 154 3327 illos
188 3269 360 3326 statuamus
394 3263 583 3328 consultare.
638 3261 720 3327 Nam
757 3272 862 3326 cetera
893 3260 1068 3332 malificias

39 3358 150 3418 satum
171 3369 379 3436 persequare,
402 3349 458 3413 ubi
479 3349 563 3413 faeta
584 3358 673 3432 sunt3
695 3348 765 3430 hoe,
788 3348 850 3412 nisi
864 3346 1041 3434 provideris

81 3456 123 3498 ne
145 3433 276 3516 aecidat,
300 3435 356 3499 ubi
377 3435 491 3518 evenit,
508 3435 625 3498 frustra
639 3434 757 3498 iudicia
771 3432 926 3520 inplores:
950 3441 1043 3519 eapte
1064 3433 1069 3442 '

80 3518 161 3584 urbs
188 3518 267 3583 nihil
295 3520 330 3584 fit
351 3519 466 3606 reliqui
488 3523 590 3586 vietis.
636 3519 716 3602 Sed,
745 3542 803 3606 per
814 3520 903 3669 3dpos
926 3519 1040 3584 inmor·
1063 3565 1066 3574 .
