2502 3968
201 227 242 296 38
540 229 744 294 CATILINA
765 229 806 294 52

160 421 192 472 ιε
202 401 361 464 miseriam
389 409 560 465 convertat.
605 399 732 464 Scilicet
763 422 814 464 ros
842 398 913 484 ipsa
944 421 1056 489 aspera
1090 410 1149 482 est,

203 485 259 550 sed
279 508 337 550 vos
358 508 423 550 non
436 485 552 551 timetis
569 507 647 549 eam.
690 485 790 550 Immo
804 506 881 549 vero
902 506 1066 569 maxume3
1092 486 1151 550 sed

202 572 315 635 inertia
337 581 381 634 et
413 563 546 634 mollitia
578 571 674 634 animi
710 568 789 634 alius
819 569 915 634 alium
944 579 1150 656 expectantes
1245 599 1246 622 1

204 657 408 739 cunctamini,
442 655 590 719 videlicet
611 654 678 719 deis
701 655 917 720 inmortalibus
940 655 1065 739 confisi,
1095 658 1152 743 qui
1245 711 1246 728 ,

202 742 284 807 hanc
304 763 373 805 rem
416 739 555 805 ublicam
576 763 670 825 saepe
693 742 726 805 in
740 743 897 804 maxumis
911 741 1060 828 periculis
1083 765 1175 816 ser-s

161 849 327 899 novavere.
381 763 454 892 llon
483 827 566 891 votis
600 847 703 912 neque
744 827 905 912 suppliciis
941 827 1151 892 muliebribus
1245 891 1246 898 ,

202 911 321 976 auxilia
342 911 472 975 deosum
498 921 664 998 parantur:
681 911 868 1012 ‘vigilanda
899 913 1038 1062 agondo,
1065 913 1151 978 bene
1245 933 1246 938 ¹

945 1022 957 1063 1

202 996 397 1063 consulundo
425 1018 577 1086 prospere
606 1019 711 1061 omma
740 996 870 1080 cedunt3
901 1020 924 1062 u
985 999 1151 1062 socordiae

201 1092 232 1146 te
267 1092 360 1168 atque
388 1083 534 1168 ignaviae
563 1082 745 1166 tradideris,
778 1084 970 1232 neguiquam
997 1083 1073 1148 deos
1102 1085 1150 1148 in·

159 1191 192 1242 ³0
200 1167 320 1253 plores:
343 1171 414 1232 irati
435 1169 600 1255 infestique
623 1177 704 1232 sunt.
746 1168 821 1254 Apu
868 1169 1003 1232 maiores
1023 1178 1195 1245 nostros1o

200 1253 301 1317 Aulus
323 1253 460 1318 Manlius
481 1254 658 1340 Torquatus
679 1252 763 1318 bello
787 1251 910 1318 Gallico
925 1253 1025 1317 filium
1047 1277 1149 1338 suum,

160 1338 286 1425 31quod
305 1341 333 1403 is
356 1350 465 1404 contra
485 1341 651 1425 imperium
671 1340 705 1402 in
726 1340 847 1403 hostem
883 1349 1072 1424 ugnaverat,
1094 1363 1149 1405 ne·

201 1425 267 1488 cari
287 1425 396 1506 iussit,
426 1433 519 1510 atquo
546 1423 599 1488 ille
622 1425 767 1510 egregius
796 1423 837 1488 ad
872 1447 981 1488 escens
1008 1425 1149 1491 inmode-

200 1517 288 1573 ratae
308 1509 497 1573 fortitudinis
519 1519 619 1574 morte
640 1532 758 1594 poenas
774 1510 874 1574 dedit:
897 1531 954 1574 vos
976 1510 1015 1574 de
1038 1510 1150 1575 crude-

201 1594 338 1658 lissumis
356 1595 505 1680 paricidis
521 1595 598 1680 quid
613 1597 754 1659 statuatis
767 1596 976 1660 cunctamini?
990 1595 1151 1661 Videlicet
1162 1619 1193 1668 rs

160 1703 192 1754 32
202 1688 306 1743 cetera
327 1680 394 1743 vita
415 1701 523 1743 eorum
537 1680 611 1744 huic
626 1680 739 1744 sceleri
753 1681 865 1746 obstat.
894 1679 1013 1744 Verum
1026 1683 1150 1768 parcite

202 1763 346 1850 dignitati
366 1764 509 1847 Lentuli,
534 1767 561 1829 si
583 1766 651 1851 ipse
673 1765 858 1853 pudicitiae,
886 1767 914 1830 si
935 1765 1037 1831 famae
1059 1789 1147 1852 suae,
1245 1761 1246 1832 l

159 1875 192 1926 33
202 1852 229 1914 si
251 1850 318 1914 deis
341 1860 395 1914 aut
415 1850 599 1932 hominibus
612 1873 760 1936 umquam
774 1850 847 1919 ullis
862 1853 1019 1937 pepercit3
1042 1853 1148 1938 ignos-

202 1938 262 2000 cite
285 1934 418 2022 Cethegi
440 1935 679 2020 adulescentiae,
701 1938 763 2000 nisi
784 1939 897 2002 iterum
920 1938 1003 2020 [iam]
1048 1939 1148 2004 auiae

158 2021 318 2097 asbellum
346 2022 429 2087 feeit.
472 2022 554 2086 Nam
581 2020 657 2108 quid
687 2044 745 2107 ego
779 2023 818 2086 de
853 2022 976 2088 Statilio
1040 2022 1192 2099 abinioao
1245 2083 1246 2096 ς

200 2106 354 2195 Caepario
370 2108 502 2195 loquar?
524 2108 637 2193 quibus
660 2109 687 2172 si
702 2108 869 2194 quiequam
890 2131 943 2172 um
965 2131 1038 2174 uam
1054 2111 1149 2194 pensi

199 2193 323 2275 luisset,
352 2216 416 2258 non
446 2215 484 2258 ea
510 2194 641 2258 consilia
669 2193 708 2258 de
734 2216 769 2258 re
797 2192 925 2280 publica
944 2131 1148 2260 babunsena

158 2301 189 2352 35
199 2278 378 2361 Postremo,
400 2288 506 2365 patres
528 2281 712 2365 conscripti,
736 2281 763 2343 si
781 2302 833 2344 me
846 2279 1001 2344 Hercules
1015 2289 1148 2366 peccato

199 2362 287 2427 locus
310 2372 408 2446 esset,
431 2363 523 2427 tacile
544 2374 681 2450 paterer,
703 2386 762 2429 vos
784 2366 853 2450 ipsa
873 2366 1047 2451 recorrigi,
1070 2387 1148 2452 quo-

194 2447 285 2512 niam
317 2447 416 2512 verba
449 2450 660 2532 contemnitis;
695 2447 751 2512 sed
777 2451 916 2536 undique
942 2451 1190 2522 circumventias

200 2555 316 2597 sumus.
362 2531 500 2597 Catilina
521 2555 593 2597 cum
614 2535 756 2599 exercitu
776 2537 810 2599 in
836 2534 978 2600 faucibus
999 2535 1148 2602 Etruriae

198 2619 279 2704 agit,
302 2616 357 2681 alii
378 2617 461 2682 intra
481 2621 606 2684 moenia
627 2628 721 2771 afflue
741 2621 776 2684 in
798 2630 908 2686 senatu
929 2630 1001 2685 sunt
1021 2621 1147 2707 hostes3

197 2725 301 2789 neque
322 2705 428 2788 parari
448 2727 550 2790 neque
571 2728 646 2771 cons
682 2707 690 2722 ⁹
707 2709 875 2792 quicquam
889 2706 1010 2771 occulte
1024 2705 1147 2793 potest:

198 2811 259 2878 quo
280 2789 382 2874 magis
403 2793 635 2877 properandum
657 2802 712 2858 cst

37 2893 40 2954 j
156 2902 188 2952 35
262 2874 368 2954 Quare
389 2875 434 2941 ita
456 2882 536 2962 [ego]
557 2900 685 2945 censeo:
709 2900 780 2943 cum
797 2878 918 2944 nefario
933 2878 1063 2944 consilio
1079 2901 1189 2954 sce-30

197 2962 367 3026 leratorum
397 2963 515 3026 civium
539 2985 590 3028 res
618 2963 747 3065 publica
773 2965 808 3028 in
834 2987 984 3029 maxuma
1003 2964 1147 3050 pericula
1245 3027 1246 3054 ,

196 3049 328 3130 venerit,
351 3048 442 3132 eique
456 3047 572 3112 indicio
588 3049 652 3113 Trti
665 3049 810 3116 Volturci
824 3059 855 3115 et
868 3050 899 3115 le
922 3059 1043 3115 storum
1056 3049 1147 3115 Allo·
1245 3057 1246 3144 t

197 3133 332 3218 brogum
354 3134 491 3197 convicti
512 3134 709 3220 confessique
731 3136 809 3219 sint,
838 3073 969 3200 caedem
987 3135 1144 3219 incendia,

198 3217 322 3305 aliaque
352 3239 387 3282 se
415 3217 509 3282 foeda
540 3227 633 3306 atque
661 3219 801 3286 crudelia
827 3221 968 3286 facinora
998 3223 1033 3284 in
1065 3221 1145 3286 civis

220 3305 394 3390 atriamque
415 3304 595 3391 paravisse,
617 3303 658 3369 de
680 3305 848 3389 confossis,
871 3307 963 3371 sicuti
983 3306 1189 3378 de-mani-ss
1245 3315 1246 3338 ¹

196 3326 284 3452 lestis
305 3410 412 3537 plerum
441 3387 637 3476 capitalium,
663 3412 751 3456 more
777 3393 929 3456 maiorum
956 3391 1144 3479 supplicium

198 3495 309 3536 sumun
331 3497 394 3538 um.
