2520 3966
200 293 264 366 no
491 285 720 363 Novem
741 293 868 364 85-8'1

199 474 233 536 ot
258 466 414 571 capessite
446 489 515 533 rem
543 467 721 555 publicem3
751 490 855 556 neque
893 489 1087 572 quemquam
1119 489 1161 532 ex
1233 508 1234 516 κ

199 552 379 621 eslsmrtste
401 552 534 620 eliorum
557 563 612 620 aut
633 555 860 643 imperatorum
881 553 1033 658 superbis
1053 561 1161 620 metus

199 641 328 730 ceperit
377 639 515 728 Egomet
541 642 575 706 in
681 644 748 725 ine,
777 643 811 706 in
832 640 963 728 procho,
995 639 1162 706 consultor

199 726 286 794 idem
315 735 347 792 et
380 727 484 792 socius
518 728 651 816 pericu'
688 725 854 794 vobiscum
891 726 1004 812 adero,
1041 748 1162 816 meque

158 835 190 889 ss
199 835 321 902 vosque
342 813 377 878 in
399 811 545 878 omnibus
566 812 662 880 robus
684 814 775 880 iuxta
795 835 914 902 geram.
947 812 990 878 Et
1010 812 1182 900 profectos

200 899 269 966 deis
291 898 473 966 iuvantibus
496 901 603 966 omnia
617 909 741 967 mature
763 910 846 985 sunt,
862 900 1005 984 victoris,
1021 898 1159 986 praeda,

199 986 286 1071 lsus;
310 1007 391 1074 quse
414 986 441 1051 si
463 985 561 1052 dubio
582 995 636 1052 eut
656 986 768 1074 procul
791 995 906 1072 essent,
921 995 1029 1052 tamen
1051 986 1159 1052 omnis

157 1093 189 1145 ts
198 1071 301 1140 bonos
324 1071 540 1162 reipublicae
562 1070 734 1138 subvenire
749 1072 893 1139 decebat.
915 1071 1045 1139 Etenim
1058 1094 1159 1138 nemo

198 1160 210 1224 i
255 1159 328 1225 svis
347 1158 524 1226 inmortalis
538 1158 640 1225 factus
663 1169 719 1244 est,
735 1181 839 1248 neque
854 1159 1021 1248 quisquam
1036 1181 1158 1262 parens

198 1245 324 1330 lieris,
354 1247 401 1312 uti
427 1245 549 1312 aeterni
570 1245 690 1331 forent,
713 1245 847 1333 optavit,
870 1246 971 1332 msgis
1000 1253 1048 1309 utr
1076 1244 1158 1310 boni
1169 1263 1196 1314 lt

157 1354 189 1406 so
197 1331 386 1421 honestique
414 1334 515 1399 vitam
544 1332 718 1421 exigerent.
762 1331 860 1398 Plurs
889 1331 1044 1415 dicerem,
1075 1329 1156 1412 Qui-

197 1420 284 1504 m'tes,
308 1420 335 1484 si
356 1419 475 1484 timidis
497 1418 648 1485 virtutem
661 1417 762 1485 verbe
783 1417 954 1504 adderent3
975 1439 1050 1482 nam
1074 1427 1156 1484 stre·
1236 1388 1237 1476 l

197 1505 269 1569 nnis
292 1502 418 1571 abunde
441 1504 562 1570 dietum
588 1503 687 1593 puto!

145 1598 187 1656 86
261 1589 404 1656 Huiusce
426 1590 512 1656 modi
543 1593 685 1657 oratione
706 1589 816 1656 habite
829 1590 959 1674 Marius,
981 1597 1155 1679 postquem

196 1674 300 1764 plebis
333 1677 455 1742 animos
485 1687 624 1744 arrectos
660 1677 764 1762 videt,
798 1699 934 1765 propere
972 1687 1155 1744 commeatu
1167 1696 1193 1745 1⁵

196 1763 365 1851 stipendio,
389 1763 485 1829 armis
508 1763 579 1829 aliis
601 1786 642 1829 ue
663 1762 794 1829 utilibus
816 1765 908 1830 navis
931 1773 1052 1849 oneret,
1076 1785 1153 1831 cum

169 1849 244 1915 2his
268 1849 387 1917 Aulum
413 1849 568 1916 Manlium
581 1786 726 1937 legatum
747 1849 906 1938 proficisci
933 1848 1031 1916 iubet.
1075 1850 1154 1939 Ipse

194 1937 316 2003 interea
336 1938 453 2004 milites
476 1935 631 2021 scribere,
654 1959 719 2003 non
746 1959 834 2018 more
861 1937 1016 2004 maiorum
1043 1959 1153 2027 neque

195 2045 236 2088 ex
258 2023 430 2107 classibus,
465 2023 522 2090 sed
542 2024 589 2089 uti
619 2024 770 2110 cuiusque
798 2021 907 2089 lubido
937 2032 1020 2108 eret,
1044 2025 1152 2111 capite

169 2123 306 2178 sceneos
329 2109 507 2213 plerosque.
551 2109 590 2175 Id
617 2109 734 2176 sactum
763 2109 819 2174 elii
853 2109 961 2198 inopie
980 2108 1150 2196 bonorum,
1161 2126 1191 2178 2t

194 2195 249 2262 elii
270 2219 329 2285 per
350 2194 555 2263 ambitmnem
578 2194 716 2261 consulis
738 2195 973 2280 memorabant,
997 2196 1084 2284 quod
1106 2196 1150 2264 eb

195 2303 232 2348 eo
254 2304 372 2385 genere
396 2280 576 2349 celebratus
598 2291 773 2370 auctusque
796 2291 873 2366 erat,
896 2291 928 2347 et
949 2281 1070 2349 homini
1091 2305 1150 2370 po·

193 2377 326 2434 tentmm
349 2369 515 2456 quaerenti
544 2369 776 2457 egentissumus
807 2371 941 2457 quisque
968 2371 1149 2456 oportunis·

195 2476 312 2538 sumns,
336 2455 387 2520 cui
408 2477 513 2543 noque
529 2477 705 2539 cucumae,
721 2455 797 2558 quip
822 2477 839 2520 e
862 2477 943 2543 quse
957 2451 1046 2520 nullu
1061 2465 1147 2542 sunt,

195 2549 227 2606 et
248 2540 355 2606 omnis
377 2563 449 2606 cum
470 2541 572 2629 pretio
594 2540 728 2608 honeste
748 2565 782 2608 vr
806 2551 905 2608 entur.
1157 2556 1188 2610 26

167 2644 183 2694 t
256 2625 358 2715 Igitur
388 2627 509 2693 Marius
546 2650 618 2694 cum
654 2627 814 2780 alfflsnto
848 2627 968 2694 maiore
999 2648 1145 2713 numero,

212 2735 288 2778 uam
309 2713 470 2780 decretum
500 2723 568 2780 erat
613 2715 648 2780 in
748 2736 817 2780 cem
845 2713 1004 2801 profectus
1055 2716 1146 2781 sucis

167 2735 304 2867 ediebus
333 2799 460 2867 Vticam
488 2763 663 2867 advebitur.
711 2799 881 2866 Exercitus
912 2802 941 2865 ei
968 2809 1018 2866 tre
1052 2811 1103 2866 tur
1125 2823 1147 2866 s.

190 2884 305 2954 Publio
320 2885 438 2953 Rutilio
454 2886 575 2974 legst03
598 2910 672 2952 nam
683 2885 829 2952 Metellus
845 2896 1049 2975 conspectum
1060 2887 1145 2953 Muri

190 2972 322 3060 fugerat,
351 2997 393 3039 ne
421 2973 546 3040 videret
578 2996 633 3058 es,
664 2995 745 3062 quse
776 2973 883 3038 audita
911 2972 1033 3038 animus
1063 2972 1185 3042 tole-st

139 3059 261 3125 Sirene
290 3062 485 3149 nequiverat
536 3057 603 3126 Sed
638 3058 764 3143 consul,
800 3059 935 3147 expletis
962 3059 1143 3146 legionibus

190 3144 434 3235 cohortibusque
449 3145 633 3231 auxiliariis,
652 3146 686 3212 in
701 3168 812 3233 agrum
826 3145 961 3210 fertilem
978 3154 1010 3210 et
1022 3145 1144 3234 praede

190 3240 337 3298 onustum
351 3232 570 3320 proficiscitur,
582 3233 689 3299 omnis
702 3231 749 3296 ibi
764 3241 858 3318 capta
867 3230 1019 3296 militibus
1034 3231 1141 3317 donst,

190 3318 265 3385 dein
287 3316 419 3384 castello
433 3327 465 3385 et
481 3318 597 3406 oppida
611 3327 724 3384 natura
746 3327 777 3383 et
798 3319 877 3384 viris
890 3340 1004 3406 parum
1017 3319 1141 3384 munite

189 3403 383 3507 adgrediuu,
405 3404 527 3493 proelis
548 3402 663 3487 mults,
695 3412 834 3470 ceterum
856 3402 953 3490 levis,
983 3403 1047 3470 alia
1068 3403 1181 3472 aliisss

163 3487 268 3564 aloem
289 3489 404 3558 iecore.
440 3489 572 3556 Interim
593 3491 670 3555 novi
683 3489 799 3556 milites
815 3487 884 3556 sine
904 3496 992 3556 metu
1012 3511 1140 3579 pugnes

188 3573 318 3644 muse:
339 3575 450 3643 videre
463 3575 612 3662 fugientis
629 3575 699 3664 capi
714 3586 769 3641 sut
790 3573 901 3660 occidi,
924 3576 1139 3643 fortissumum
