2502 3968
351 258 559 328 OA'I'ILINA
579 256 714 323 cru-48
969 255 1011 320 29

50 433 200 515 mcibrm,
229 431 309 500 nihil
330 433 466 522 amplius
489 434 570 498 scire
593 454 688 520 quam
709 429 849 516 legat0s3
877 434 1013 494 tantum-

49 517 147 585 modo
176 517 286 584 audire
316 521 443 585 solitum
473 542 514 586 ex
537 517 691 601 Gabinio,
720 515 870 581 Publium
896 514 1013 580 Autro-

49 606 150 687 nium,
170 603 321 690 vServium
336 605 466 688 Sullam,
485 606 621 672 Lucium.
635 602 875 691 Vargunteium,
897 599 1013 666 multos

72 700 219 756 raeterca
254 692 289 755 in
322 715 360 756 ca
392 693 608 758 coniuratione
641 711 721 756 esse.
772 687 896 754 Eadem
928 685 1038 757 Gallia

33 714 190 854 ,latenas
201 798 239 842 ac
248 775 419 842 Lentulum
434 777 685 844 dissimulantem
700 798 775 844 coar
819 785 875 840 unt
888 781 1014 864 praeter

52 863 176 928 litteras
191 863 400 948 sermonibus,
423 887 502 951 quos
524 864 579 930 ille
600 863 720 931 habere
740 885 774 928 so
790 864 850 927 'tus
866 868 949 926 erat:
973 881 1015 924 ex

53 949 145 1014 libris
167 947 333 1036 Sibyllinis
355 973 490 1036 regnum
511 951 632 1016 Romae
653 950 754 1017 tribus
771 947 927 1014 Corneliis
943 968 1014 1032 por-

52 1035 160 1114 tendi3
183 1034 319 1102 Cinnam
341 1047 436 1123 atque
458 1035 580 1104 Sullam
602 1046 705 1122 antea,
728 1057 764 1104 se
784 1037 912 1102 tertium
934 1054 1015 1115 esse,

54 1123 108 1186 cui
140 1119 239 1186 fatum
271 1122 354 1188 foret
378 1123 466 1188 urbis
488 1125 600 1211 potiri;
629 1132 797 1211 praeterea
822 1121 863 1194 ab
884 1122 1015 1186 incenso

20 1207 214 1294 toCapitclio
236 1207 327 1274 illum
350 1232 420 1274 esse
441 1210 632 1296 vigesimum
653 1233 781 1293 annum,
825 1230 899 1273 uem
921 1227 1017 1291 saepe

55 1317 99 1360 ex
141 1293 295 1381 prodigiis
336 1297 498 1382 aruspices
537 1297 776 1384 respondissent
804 1231 893 1362 bello
931 1289 1018 1357 civili

56 1389 223 1446 cruentum
251 1381 328 1446 fore.
371 1381 473 1468 Igitur
497 1382 646 1469 perlectis
668 1382 799 1467 litteris,
830 1404 902 1448 cum
930 1377 1043 1466 priusa

56 1489 168 1534 omnes
191 1467 283 1552 signa
304 1490 363 1532 sua
384 1470 625 1554 cognovissent,
649 1479 777 1536 senatus
799 1467 950 1548 decernit,
973 1464 1019 1528 uti

56 1553 204 1620 abdicato
296 1554 406 1620 ‘stratu
419 1555 574 1620 Lentulus
588 1557 665 1620 item
687 1579 728 1622 ue
744 1557 842 1622 ceteri
862 1555 896 1619 in
909 1551 1019 1617 liberis

23 1639 211 1714 ascustcdiis
232 1639 275 1706 ha
298 1650 419 1706 eantur.
451 1640 501 1706 Ita
523 1665 564 1706 ue
577 1641 648 1706 Len
694 1665 732 1706 us
746 1641 861 1708 Publio
883 1637 1046 1705 Lentulos

58 1726 236 1810 Sintberi,
291 1729 325 1792 ui
353 1738 420 1792 tum
447 1727 519 1791 aedi
533 1729 559 1792 's
589 1739 672 1813 erat,
707 1727 867 1814 Cethegus
901 1725 1020 1806 Quinto

88 1812 248 1895 ornificio,
270 1751 422 1878 tbtatilius
446 1813 526 1880 Gaio
550 1813 695 1898 Caesari,
727 1815 883 1882 Gabinius
909 1813 1019 1878 Marco

59 1899 194 1980 Crasso,
219 1897 392 1986 Caeparius
414 1937 457 1950 --
478 1923 554 1964 nam
579 1902 607 1966 is
635 1900 742 1988 paullo
772 1909 845 1966 anta
875 1922 917 1964 cx
945 1898 1021 1984 fuga

57 1993 213 2051 retractam
236 2000 368 2051 erat-
390 1983 500 2052 Gnaeo
515 1986 665 2053 Terentio
686 1989 823 2054 senatori
845 1986 1020 2052 traduntm.

27 2095 57 2148 20
122 2072 251 2138 [nterea
264 2071 375 2159 plebes
392 2073 617 2153 [coniuratione
628 2076 807 2161 patefacta],
823 2095 905 2161 quae
919 2074 1021 2160 primo
1031 2083 1072 2141 48

60 2158 181 2246 cupida¹
198 2181 306 2224 rerum
327 2181 483 2226 novarum
504 2161 599 2226 nimis
620 2161 707 2227 bello
729 2161 874 2244 favebat,
903 2167 1024 2226 munta

60 2254 168 2312 mente
201 2244 357 2312 Catilinae
394 2245 528 2312 consilia
560 2249 720 2331 execrari,
762 2246 951 2314 Ciceronem
982 2243 1021 2310 ad

61 2331 187 2421 caelum
208 2331 337 2417 tollere;
368 2331 468 2398 veluti
498 2355 540 2397 cx
562 2335 714 2399 servitute
741 2357 795 2400 ere
819 2343 851 2398 ta
872 2332 1024 2419 gaudium

62 2429 158 2507 atquc
180 2418 333 2504 laetitiam
355 2417 512 2504 agitabat:
545 2441 683 2506 namque
707 2421 772 2486 alia
792 2357 870 2486 belli
883 2420 1050 2484 facinora}

23 2525 53 2575 25
61 2503 204 2594 praedae
218 2506 319 2589 magis
335 2527 431 2590 quam
446 2504 635 2571 detrimento
650 2507 727 2589 fore,
750 2507 933 2574 incendium
947 2525 1024 2569 vero

63 2590 194 2658 crudele
220 2591 453 2656 inmoderatum
479 2614 518 2656 ac
547 2592 609 2658 sibi
634 2615 784 2658 maxume
808 2593 1025 2656 calamitosum

64 2677 229 2764 [putabatb
253 2677 370 2762 quippe
394 2678 445 2740 cui
468 2699 578 2744 omncs
593 2683 706 2766 copiae
728 2681 762 2746 in
783 2703 845 2745 usu
867 2677 1026 2746 cotidiano

66 2777 98 2833 et
116 2762 207 2830 cultu
228 2763 370 2848 corperis
393 2774 492 2830 erant.

128 2850 208 2916 Post
241 2872 314 2914 eum
343 2849 428 2914 diem
456 2851 585 2936 quidam
613 2851 733 2920 Lucius
762 2853 954 2938 Tarquinius
987 2849 1052 2918 ada
1176 2898 1180 2915 .
1241 2843 1243 2892 ἶ

25 2947 211 3012 serenatum
225 2935 390 3019 adductus,
414 2959 508 3022 quem
528 2937 570 3002 ad
585 2936 755 3004 Catilinam
774 2939 1028 3026 proficiscentem
1177 2995 1180 3023 Ι,

69 3051 110 3092 cx
138 3025 250 3089 itinere
280 3030 452 3088 retractum
481 3023 618 3090 aiebant.
661 3024 711 3108 Is,
742 3037 815 3090 'cum
844 3047 879 3090 se
909 3022 1053 3089 dicerets
1177 3039 1179 3082 3

63 3111 282 3177 indicaturum
311 3109 352 3174 dc
379 3111 598 3177 coniuratione
628 3112 655 3175 si
688 3111 768 3176 fides
796 3109 927 3197 publica
955 3107 1029 3174 data
1177 3115 1178 3118 ’

66 3206 169 3280 esset,
199 3197 304 3262 iussus
326 3217 346 3260 a
368 3195 498 3263 consule
521 3219 603 3283 quae
626 3198 722 3262 sciret
744 3197 886 3279 edicere,
917 3193 1029 3260 eadem

65 3285 133 3350 fere
158 3305 239 3369 quae
260 3282 459 3366 Volturcius,
483 3283 524 3347 de
542 3285 662 3370 paratis
685 3281 841 3349 incendiis
868 3283 909 3348 de
932 3279 1030 3346 caede

28 3372 241 3453 ttbcncrum,
271 3369 312 3434 de
333 3369 447 3433 itinere
469 3367 608 3434 hostium
630 3379 774 3434 senatum
801 3369 911 3452 docet,
939 3387 1031 3453 prac-

61 3466 157 3524 terea
178 3477 213 3521 se
234 3457 367 3522 missum
389 3453 532 3520 aMarcc
548 3455 679 3538 Crasso,
703 3457 758 3542 qui
773 3454 930 3521 Catilinae
952 3475 1031 3518 nun-

66 3545 180 3628 tiaret,
207 3563 250 3608 ne
271 3563 343 3608 eum
364 3539 520 3610 Lentulus
543 3550 574 3607 ct
589 3542 749 3622 Cethegus
770 3542 887 3622 aliique
903 3561 945 3606 ex
959 3561 1032 3606 ccu-
