2502 3968
376 289 582 354 CATILINA
602 289 742 354 24-26
993 289 1032 353 1‘1

80 481 141 524 sua
162 468 217 525 aut
238 459 409 525 amicorum
437 458 500 524 fide
530 467 686 545 sumptam
713 467 854 524 mutuam
879 457 1033 524 Faesulas

79 544 123 608 ad
144 543 297 608 Manlium
319 543 476 630 quendam
504 554 647 630 portare,
675 545 730 631 qui
750 552 861 629 postea
886 543 1033 629 princeps

80 629 141 694 urit
160 629 238 693 belli
259 627 407 693 faciundi.
450 627 501 692 Ea
528 638 713 715 tempestate
764 628 903 694 lurumos
932 629 1058 696 cuius-³

81 737 145 799 que
165 714 290 798 generis
312 713 454 778 homines
476 715 626 778 ascivisse
648 713 709 778 sibi
731 651 860 798 dcitur,
886 711 1034 778 mulieres

56 800 179 876 setiam
201 798 335 884 aliquot,
366 820 447 886 quae
475 800 577 885 primo
599 799 735 885 ingentis
764 808 905 885 sumptus
929 807 1035 884 stupro

84 884 226 969 corporis
254 882 483 966 toleraverant,
511 893 599 970 post,
629 882 685 948 ubi
714 892 800 948 aetas
821 881 1035 949 tantummodo

82 969 228 1056 quaestui
241 989 282 1030 ne
304 989 344 1031 ue
359 967 503 1032 luxuriae
524 968 652 1034 modum
673 968 800 1051 fecerat,
823 991 877 1033 aes
899 968 1037 1032 alianum

81 1053 204 1140 grande
226 990 448 1117 condererant.
491 1053 554 1118 Per
584 1076 637 1118 eas
667 1075 702 1118 se
724 1051 860 1119 Catilina
889 1053 1062 1122 credebatl

81 1160 178 1225 posse
200 1137 329 1202 servitia
356 1137 477 1204 urbana
506 1137 691 1222 sollicitare,
720 1138 831 1204 urbem
856 1137 1036 1222 incendere,

44 1248 72 1296 ιο
84 1224 172 1290 viros
195 1245 303 1287 earum
322 1222 376 1287 vel
398 1223 569 1308 adiungere
592 1224 653 1290 sibi
673 1223 726 1290 uel
748 1223 932 1289 interficere.

150 1306 215 1374 Sed
243 1309 277 1372 in
306 1308 351 1372 eis
381 1319 449 1372 erat
474 1307 676 1395 Sempronia,
707 1331 787 1395 quae
815 1308 915 1373 multa
943 1327 1089 1410 saepezn

83 1392 187 1458 virilis
209 1392 359 1456 audaciae
388 1394 529 1458 facinora
557 1395 764 1458 commiserat
807 1393 897 1459 Haec
925 1392 1039 1458 muher

4 1525 5 1532 κ
85 1486 319 1564 generantque
341 1477 454 1562 forma,
498 1487 641 1542 raeterea
660 1481 729 1544 viro
751 1477 862 1544 liberis
879 1481 955 1544 satis
977 1479 1038 1543 for-

4 1585 5 1618 f
84 1572 197 1628 tunata
221 1562 296 1646 fuit3
325 1560 437 1626 litteris
460 1501 591 1628 &faecis
619 1572 651 1628 et
670 1563 792 1630 Latinis
819 1564 927 1648 docta,
978 1562 1038 1628 sal·

45 1649 154 1717 talare
191 1645 305 1710 saltare
335 1646 508 1732 elegantius
542 1671 636 1734 quam
667 1671 798 1715 necesse
831 1659 879 1715 est
932 1670 1038 1731 roae,

4 1751 5 1756 ¹
85 1731 188 1797 multa
209 1731 272 1796 alia
293 1754 374 1818 quae
395 1733 603 1798 instrumenta
624 1733 768 1799 luxuriae
791 1744 872 1800 sunt.
909 1673 981 1800 Pded
1010 1736 1040 1797 ei

88 1817 212 1882 cariora
240 1839 364 1903 semper
391 1818 498 1882 omnia
526 1841 621 1904 quam
642 1820 737 1884 decus
768 1829 861 1906 atque
889 1819 1041 1905 pudicitia

85 1903 163 1985 fuit3
185 1901 338 1987 pecuniae
361 1924 402 1966 an
423 1901 526 1968 famae
547 1906 651 1970 minus
672 1914 825 1991 parceret,
848 1904 933 1968 haud
947 1903 1040 1968 facile

86 1987 300 2071 ffisoerneres3
323 1985 464 2052 lubidine
486 1988 532 2053 sic
553 2011 703 2072 accensa,
726 1997 761 2054 ut
776 1990 898 2075 saepius
919 1997 1041 2075 peteret

47 2087 77 2136 20
86 2073 173 2136 viros
196 2094 291 2157 quam
310 2080 479 2158 petereurr.
524 2071 589 2139 Sed
610 2097 648 2139 ea
669 2097 763 2161 saepe
790 2074 928 2139 antehac,
944 2072 1040 2138 fidem

108 2155 286 2240 rodiderat,
324 2156 477 2224 creditum
516 2158 732 2242 abiuraverat,
770 2158 875 2222 caedis
914 2158 1041 2224 conscia

86 2180 206 2306 lieret:
223 2241 349 2308 luxuria
363 2252 457 2330 atque
471 2242 580 2330 inopia
592 2267 744 2332 praeceps
760 2242 889 2309 abierat
921 2244 1041 2310 Verum

87 2327 250 2412 ingenium
272 2327 339 2392 eius
360 2327 446 2392 haud
468 2329 654 2394 absurdum:
676 2351 771 2479 posse
792 2351 903 2394 vorsus
925 2330 1040 2410 facere,

87 2413 194 2478 iocum
214 2434 359 2497 movere,
390 2435 534 2480 sermone
562 2416 609 2479 uti
636 2437 676 2479 ve
714 2412 857 2480 modesto
879 2413 932 2479 vel
953 2414 1042 2478 molli

47 2495 140 2564 novel
162 2499 304 2583 procaci:
326 2520 455 2584 prorsus
476 2498 593 2567 multae
607 2498 739 2564 facetiae
753 2500 931 2586 multtisque
953 2499 1041 2586 lepos

87 2585 199 2646 inerat.

172 2667 233 2732 His
260 2666 355 2733 rebus
383 2670 560 2756 conparatis
583 2669 720 2735 Catilina
748 2669 846 2735 nihilo
875 2671 978 2734 minus
1006 2671 1092 2740 inat

111 2774 278 2816 roxumum
299 2776 415 2819 annum
438 2754 634 2820 consulatum
661 2754 806 2840 petebat,
837 2776 984 2841 sperans,
1014 2756 1042 2818 si

87 2775 271 2923 designatus
292 2837 388 2922 foret,
410 2839 502 2904 facile
525 2862 559 2904 se
582 2864 623 2904 ex
636 2839 798 2908 voluntate
812 2839 949 2906 Antonio
969 2861 1041 2903 usu-

49 2938 80 2987 ³0
89 2944 169 2986 rum.
208 2920 319 3009 Neque
341 2925 462 2988 interea
504 2927 606 2990 uictus
629 2935 709 3008 erat,
733 2926 789 2990 sed
811 2925 955 2990 omnibus
976 2945 1041 2988 mo-

90 3005 139 3070 dis
160 3008 291 3072 insidias
312 3008 446 3094 parabat
468 2948 623 3074 Ciceroni.
666 3011 776 3096 Neque
805 3010 853 3074 illi
873 3019 980 3074 tamen
1000 3008 1066 3075 adl

91 3093 266 3157 cavendum
294 3093 384 3159 dolus
414 3105 468 3159 aut
499 3097 632 3161 astutiae
666 3095 811 3160 deerant:
854 3116 928 3157 nam
949 3114 990 3158 ue
1022 3112 1066 3161 aa

90 3177 244 3264 principio
260 3178 439 3244 consulatus
455 3182 504 3244 sui
518 3179 617 3245 multa
629 3179 808 3266 pollicendo
823 3200 881 3266 per
894 3177 922 3243 F
956 3178 1042 3244 viam

91 3263 251 3348 effecerat,
284 3273 319 3328 ut
348 3263 482 3343 Quintus
510 3265 641 3349 Curius,
674 3266 714 3330 de
743 3286 804 3352 quo
833 3261 939 3350 paullo
969 3271 1042 3328 ante

50 3366 82 3418 35
91 3350 279 3434 memoravi,
310 3349 442 3414 consilia
463 3348 618 3416 Catilinae
645 3350 707 3415 sibi
726 3348 890 3437 proderet3
919 3346 961 3412 ad
980 3347 1068 3418 hoca

92 3430 247 3518 collegam
275 3456 365 3499 suum
392 3434 565 3502 Antonium
589 3438 737 3586 pactione
764 3434 946 3536 provinciae
971 3455 1042 3520 per-

91 3516 228 3604 pulerat,
250 3541 291 3585 ne
313 3528 422 3586 contra
442 3543 511 3588 rem
524 3521 588 3608 pub
604 3522 684 3586 'cam
698 3529 858 3671 sentiret32
868 3520 986 3588 circum
1007 3541 1043 3586 se

126 3620 241 3662 emutat.
