2502 3968
1090 274 1127 326 1x

179 450 275 524 Hinc
299 449 414 548 igitur
440 449 479 522 in
507 448 636 524 ceteris
657 447 841 524 Catilinae
868 458 904 520 et
930 446 1129 544 Iugurthae

101 570 270 672 partibus
308 597 385 645 non
429 570 501 644 alia
536 569 626 642 mihi
665 567 830 642 subsidia
873 576 977 640 erant
1017 591 1130 664 quam

101 718 199 791 quae
242 689 478 765 Gruterus
523 687 715 762 Oortius
756 685 1032 760 Gerlaohius
1071 685 1130 758 alii

101 813 201 888 bona
218 810 316 885 mala
343 807 596 906 conlegertmt.
627 807 741 883 Cuius
761 806 908 906 quidem
928 805 1129 904 adparatus

102 958 144 1006 ea
171 942 226 1005 est
253 930 359 1025 ratio,
395 941 436 1003 ut
467 928 636 1003 nondum
669 927 871 1026 perspectis
907 926 1014 1001 certis
1051 926 1129 1025 qui·

100 1051 261 1126 busdam
296 1049 464 1126 codicum
504 1049 700 1147 generibus
733 1047 794 1122 vel
826 1047 972 1122 familiis
1007 1072 1129 1145 neque

101 1198 221 1246 unum
247 1196 368 1268 neque
401 1169 526 1268 plures
560 1167 753 1244 commode
781 1193 972 1243 secernere
998 1169 1129 1268 possis,

103 1293 240 1390 quibus
267 1289 355 1366 solis
381 1291 557 1379 innitaris,
587 1316 672 1365 cum
698 1290 759 1364 vel
787 1315 831 1364 ex
857 1291 1130 1364 recentissumis

103 1423 140 1486 et
167 1411 358 1486 deterioris
386 1422 494 1486 notae
519 1410 708 1484 codicibus
726 1411 788 1485 hio
805 1410 890 1505 illic,
918 1410 985 1484 ubi
1002 1409 1129 1485 melio·

101 1557 162 1608 res
189 1542 352 1630 peceant,
380 1531 570 1629 scriptoris
591 1555 723 1608 manus
742 1542 976 1629 agnoscatur,
1005 1542 1131 1604 utrum

101 1652 315 1728 coniectura
331 1651 503 1726 restituta
520 1677 569 1724 an
593 1678 637 1724 ex
664 1651 817 1750 antiquo
836 1650 1038 1749 exemplari
1056 1677 1129 1724 ser-

101 1791 187 1846 vata
213 1797 347 1870 parum
378 1770 507 1869 liquet.
544 1770 781 1869 Quamquam
816 1771 854 1845 id
881 1772 1028 1868 quidem
1054 1797 1131 1844 non

102 1917 274 1992 peccasse
293 1891 383 1966 mihi
402 1892 542 1987 videor,
564 1894 663 1990 quod
677 1893 716 1965 in
729 1893 857 1992 primis
872 1893 1130 1966 auctoritatem

103 2025 255 2088 secutus
282 2039 366 2086 sum
382 2013 541 2088 Parisini
570 2017 668 2087 1576
698 2013 794 2114 (Par.
822 2041 842 2086 a
858 2015 897 2087 in
917 2012 1130 2088 Gerlachia-
1212 2063 1216 2074 ·

103 2134 162 2208 nis
188 2133 307 2232 prima
335 2145 371 2208 et
395 2133 521 2223 tertia,
548 2159 578 2231 p
604 2134 644 2206 in
671 2133 864 2230 secunda),
901 2133 1024 2232 quoad
1053 2132 1130 2206 eius

102 2265 188 2353 post
217 2252 401 2328 Gerlachii
437 2253 684 2328 conlationem
711 2255 798 2328 satis
826 2280 936 2353 saepe
963 2281 1132 2330 mancam

103 2374 185 2448 fieri
211 2372 353 2448 licebat.
393 2373 500 2448 Oerte
526 2373 558 2472 is
590 2373 725 2465 codex,
762 2374 826 2471 qui
858 2375 1005 2450 saeculo
1031 2401 1131 2450 nono

103 2493 163 2569 vel
191 2493 346 2568 decumo
382 2493 540 2591 scriptus
568 2493 718 2586 dicitur,
754 2520 829 2568 non
857 2495 980 2569 solum
1007 2495 1131 2570 ortho-
1183 2527 1184 2532 ¹

103 2613 281 2713 graphiae
299 2615 482 2712 genuinae
500 2614 673 2714 pluruma
690 2617 845 2712 vestigia
863 2618 1037 2709 servavit,
1066 2618 1131 2691 sed

105 2733 225 2809 multo
254 2734 364 2808 etiam
392 2734 512 2808 minus
531 2733 764 2832 glossematis
783 2745 895 2832 atque
916 2736 1132 2835 corruptelis

104 2865 230 2947 scatet,
252 2879 362 2952 quam
375 2853 447 2939 ille,
463 2853 567 2928 cuius
582 2853 836 2928 auctoritatem
852 2881 1036 2931 summam
1051 2883 1129 2932 esse

107 2973 326 3050 Gerlachius
355 2974 423 3048 soli
451 2975 520 3048 sibi
546 2976 748 3073 persuasit,
787 2975 1040 3052 Basiliensisl
1068 2976 1129 3078 (b).

106 3095 152 3170 Id
185 3093 287 3193 quod
322 3121 442 3194 nuper
474 3122 645 3170 maxume
679 3098 808 3196 patuit,
845 3123 928 3171 cum
957 3097 1131 3173 omnibus

106 3215 170 3312 eis,
203 3241 299 3313 quae
325 3215 364 3288 in
390 3215 533 3289 minore
560 3216 719 3292 editione
746 3243 790 3290 ex
816 3215 981 3291 Parisino
1009 3243 1131 3291 emen-

108 3336 274 3433 daverat,
303 3336 459 3434 reiectis,
486 3336 525 3409 in
542 3337 755 3411 novissume
774 3363 885 3436 quam
910 3338 1132 3435 praedicavit

111 3455 344 3530 ‘recensione'
379 3453 530 3531 Sallusti
570 3458 686 3532 verba
727 3458 771 3530 ad
807 3456 1017 3531 Basiliensis
1057 3460 1131 3532 fere

107 3575 318 3675 exemplum
345 3577 526 3672 refingere
554 3587 709 3649 conatus
737 3589 800 3650 est.
