2502 3968
304 193 308 205 ¹
433 249 660 320 rvcvarua
687 255 727 320 ιι
1012 252 1054 320 ot

97 419 185 488 nihil
205 423 308 490 mimis
330 444 425 511 quam
450 426 516 490 vim
543 433 598 489 aut
623 423 744 490 bellum
772 431 992 511 expectantem
1022 426 1055 490 in

96 510 237 595 imperio
258 517 375 594 vostro,
398 511 491 575 sicuti
503 510 627 593 videtis,
650 520 809 577 extorrem
822 511 932 596 patria,
951 510 1054 593 domo,

96 594 232 680 inopem
254 603 286 659 et
306 604 468 682 copertum
488 596 624 661 miseriis
646 597 765 679 effecit,
786 604 822 662 ut
841 595 946 662 ubivis
960 597 1056 660 tutius

98 702 202 766 quam
223 681 257 744 in
277 703 348 746 meo
369 703 468 766 regno
492 704 604 747 essem.
646 681 716 766 Ego
747 682 794 748 sic
816 681 1096 764 existumabam,12

70 774 213 852 apatres
228 768 406 853 conscripti,
428 768 476 832 uti
489 767 724 854 praedicantem
738 767 921 832 audiveram
958 777 1056 830 atrem

98 872 228 934 meum,
261 853 317 938 qui
342 861 483 918 vostram
511 852 681 917 amicitiam
710 851 878 937 diligenter
907 790 1055 934 colerem,

98 959 159 1002 eos
181 935 314 1002 multum
334 936 453 1004 laboris
475 939 650 1024 suscipere,
680 946 819 1002 ceterum
846 959 887 1002 ex
913 937 1056 1005 omnibus

98 1041 253 1086 maxume
284 1031 367 1088 tutos
397 1045 476 1089 esse.
521 1022 616 1102 Quod
642 1023 676 1086 in
703 1021 823 1087 familia
850 1033 960 1088 nostra
988 1022 1055 1105 fuit,
1069 1049 1097 1100 η

97 1108 275 1194 praestitit,
304 1109 353 1172 ufi
371 1110 407 1174 in
428 1108 572 1175 omnibus
593 1107 687 1173 bellis
716 1107 841 1172 adesset
861 1108 969 1174 vobis:
998 1129 1056 1172 nos

57 1195 149 1272 muti
171 1214 230 1279 per
250 1195 348 1258 otium
368 1195 430 1261 tuti
450 1196 564 1276 simus,
586 1195 620 1258 iu
639 1201 748 1258 vostra
762 1215 858 1257 manu
872 1202 930 1276 est,
951 1201 1056 1280 patres

98 1280 230 1344 conseri
251 1281 285 1344 ti.

167 1301 263 1431 Patll
272 1388 330 1429 nos
345 1364 424 1431 duos
439 1366 550 1450 fratres
567 1364 708 1450 reliquit3
729 1365 856 1430 tertium
874 1363 1058 1450 Iugurtham
1071 1393 1099 1442 1⁴

100 1449 261 1514 hedificiis
284 1452 349 1515 suis
371 1461 458 1516 ratus
479 1460 528 1516 est
547 1451 749 1516 coniunctum
762 1449 855 1516 nobis
869 1451 946 1516 fore.
967 1449 1059 1516 Alter

99 1556 215 1601 eorum
236 1546 367 1601 necatus
389 1545 454 1620 est,
484 1535 613 1602 alterius
640 1537 708 1622 ipse
735 1557 795 1621 ego
822 1558 933 1600 manus
954 1536 989 1600 in
1010 1536 1057 1600 iss

56 1621 162 1696 uvix
183 1620 287 1706 effugi.
318 1620 404 1700 Quid
425 1621 541 1708 aganff
563 1629 617 1686 aut
637 1643 699 1708 quo
720 1623 928 1707 potissumum
948 1558 1099 1701 inllelixst

98 1705 276 1772 accedam?
320 1707 453 1772 Generis
481 1706 640 1794 praesidia
667 1708 773 1772 omnia
800 1710 939 1772 extincta
970 1714 1058 1789 sunt3

11 1797 12 1876 l
97 1801 211 1878 pater,
242 1793 289 1858 uti
316 1814 447 1858 necesse
476 1801 559 1876 erat,
591 1801 723 1858 naturae
755 1795 929 1875 concessit3
960 1791 1059 1874 fratri,

11 1879 12 1886 ’
99 1899 199 1963 quem
227 1880 367 1942 minume
396 1878 518 1962 decuit,
547 1879 721 1966 propinqus
750 1899 811 1964 per
836 1878 940 1944 scelus
961 1877 1060 1942 vitam

99 1964 235 2066 eripuit3
265 1963 394 2048 adfinis,
425 1966 557 2047 amicos,
571 1965 776 2064 ‘propinquos
806 1973 927 2029 ceteros
951 1966 1058 2044 [meos]

58 2077 89 2128 20
101 2050 203 2152 ahum
225 2050 288 2115 alia
309 2049 416 2115 clades
438 2058 612 2200 oppressu:
642 2051 727 2138 capti
748 2048 788 2112 ab
809 2045 963 2148 Iugurtha
983 2067 1059 2148 pars

99 2159 138 2200 ιιι
159 2158 290 2216 οιίιιιιιιιι1
306 2137 378 2218 acti,
400 2157 474 2222 pars
511 2134 598 2199 estiis
622 2135 738 2200 obiecti
756 2142 846 2219 sunt,
869 2154 1059 2222 pauci,qu1·

99 2221 163 2286 bus
185 2219 297 2286 relicta
318 2223 424 2286 anima
450 2228 516 2303 est,
544 2219 645 2285 clausi
664 2223 699 2285 in
720 2219 860 2285 tenebris
889 2242 961 2285 cum
975 2239 1058 2282 mae-

99 2327 175 2371 rore
204 2315 296 2392 atque
325 2305 412 2371 luctu
439 2316 540 2372 morte
573 2305 752 2392 graviorem
787 2307 886 2370 vitam
919 2305 1058 2389 exigunt

100 2391 138 2457 Si
161 2393 379 2477 omnia'quae
401 2401 455 2456 aut
477 2391 570 2457 amisi
591 2402 645 2456 aut
666 2413 710 2456 ex
721 2393 909 2456 necessariis
925 2389 1093 2456 adversat«

59 2477 188 2549 zafacts
213 2486 299 2560 sunt,
328 2477 499 2542 incolumia
528 2486 709 2560 manerent,
738 2487 860 2560 nmen,
888 2475 991 2561 siquid
1019 2495 1064 2558 ex¹

100 2563 264 2648 inproviso
300 2561 376 2626 mali
404 2562 589 2646 accidisset,
621 2586 680 2629 vos
708 2562 917 2648 inplorarem,
953 2568 1059 2646 patres

101 2647 291 2734 conscripti,
325 2646 439 2732 quibus
468 2670 528 2736 pro
556 2648 772 2734 magnitudine
803 2647 917 2733 imperi
950 2647 999 2708 ius
1028 2652 1061 2708 et

100 2733 233 2799 iniurias
262 2733 364 2798 omnis
394 2754 488 2798 curae
517 2754 587 2800 esse
615 2734 715 2799 decet.
757 2732 851 2797 Nunc
878 2753 955 2796 vero
984 2728 1059 2794 exul
1070 2749 1096 2798 ι’,
1147 2795 1149 2799 .

101 2819 214 2906 patria,
238 2816 343 2900 domo,
367 2818 452 2884 solus
472 2827 566 2906 atque
582 2821 722 2884 omnium
736 2817 939 2883 honestarum
952 2819 1059 2880 rerum

60 2926 218 2990 coegeris,
241 2924 304 2990 que
326 2904 478 2968 accedam
500 2915 555 2970 aut
575 2926 654 2991 quos
668 2902 851 2990 adpellem?
872 2903 1057 2966 nationesne

101 3013 143 3054 an
172 3010 282 3073 reges,
310 2989 365 3074 qui
391 3010 500 3054 omnes
529 2988 668 3055 familiae
695 2998 822 3054 nostrae
849 2987 889 3052 ob
918 2996 1057 3052 vostram

101 3075 271 3140 amicitiam
304 3073 411 3137 infesti
442 3073 535 3139 sunt?
582 3073 636 3140 An
668 3095 825 3161 quoquam
856 3071 934 3135 mihi
969 3069 1056 3134 adire

101 3160 190 3244 licet,
212 3159 267 3227 ubi
288 3181 353 3224 non
373 3161 527 3224 maiorum
547 3183 690 3226 meorum
714 3157 840 3224 hostilia
853 3164 1055 3220 monumenta

101 3245 248 3332 pluruma
268 3243 352 3308 sint?
381 3253 435 3308 aut
463 3247 629 3332 quisquam
656 3246 756 3311 nostri
776 3243 919 3308 misereri
939 3249 1051 3327 potest,

61 3333 157 3418 atqui
178 3327 347 3416 aliquando
368 3329 459 3395 vobis
481 3330 581 3396 hostis
594 3329 677 3396 fuit?
701 3330 865 3395 Postremo
884 3327 1090 3399 Masinissam

100 3438 161 3482 nos
186 3416 233 3482 ita
251 3415 401 3498 instituit,
429 3425 536 3502 patres
565 3415 747 3502 conscripti,
776 3433 913 3500 nequem
934 3410 1052 3477 colere-

100 3523 189 3586 mus,
209 3501 274 3566 nisi
293 3500 446 3586 populum
459 3500 645 3585 lunanum,
666 3523 708 3566 ne
722 3499 888 3567 societates
903 3519 966 3564 neu
985 3495 1051 3565 foe·
