<?xml version="1.0" encoding="UTF-8"?>
<!DOCTYPE html PUBLIC "-//W3C//DTD XHTML 1.0 Transitional//EN"
    "http://www.w3.org/TR/xhtml1/DTD/xhtml1-transitional.dtd">
<html xmlns="http://www.w3.org/1999/xhtml" xml:lang="en" lang="en">
 <head>
  <title>
</title>
<meta http-equiv="Content-Type" content="text/html;charset=utf-8" />
  <meta name='ocr-system' content='tesseract 3.04.00' />
  <meta name='ocr-capabilities' content='ocr_page ocr_carea ocr_par ocr_line ocrx_word'/>
</head>
<body>
  <div class='ocr_page' id='page_1' title='image "./catilinaiugurth00linkgoog_0020.png"; bbox 0 0 2502 3968; ppageno 0'>
   <div class='ocr_carea' id='block_1_1' title="bbox 1093 279 1133 329">
    <p class='ocr_par' dir='ltr' id='par_1_1' title="bbox 1093 279 1133 329">
     <span class='ocr_line' id='line_1_1' title="bbox 1093 279 1133 329; baseline 0.025 -1"><span class='ocrx_word' id='word_1_1' title='bbox 1093 279 1133 329; x_wconf 86' lang='lat' dir='ltr'>x1</span> 
     </span>
    </p>
   </div>
   <div class='ocr_carea' id='block_1_2' title="bbox 7 449 1136 3554">
    <p class='ocr_par' dir='ltr' id='par_1_2' title="bbox 7 449 1136 3195">
     <span class='ocr_line' id='line_1_2' title="bbox 110 449 1133 550; baseline -0.003 -25"><span class='ocrx_word' id='word_1_2' title='bbox 110 477 156 525; x_wconf 89' lang='lat' dir='ltr'>ex</span> <span class='ocrx_word' id='word_1_3' title='bbox 183 451 235 524; x_wconf 89' lang='lat' dir='ltr'>eis</span> <span class='ocrx_word' id='word_1_4' title='bbox 261 451 436 550; x_wconf 77' lang='lat' dir='ltr'>pristinae</span> <span class='ocrx_word' id='word_1_5' title='bbox 463 450 666 549; x_wconf 81' lang='lat' dir='ltr'>scripturae</span> <span class='ocrx_word' id='word_1_6' title='bbox 691 449 854 549; x_wconf 87' lang='lat' dir='ltr'>reliquiis</span> <span class='ocrx_word' id='word_1_7' title='bbox 888 460 1004 547; x_wconf 79' lang='lat' dir='ltr'>patet,</span> <span class='ocrx_word' id='word_1_8' title='bbox 1040 473 1133 546; x_wconf 88' lang='lat' dir='ltr'>quas</span> 
     </span>
     <span class='ocr_line' id='line_1_3' title="bbox 112 568 1135 669; baseline -0.002 -25"><span class='ocrx_word' id='word_1_9' title='bbox 112 571 344 669; x_wconf 87' lang='lat' dir='ltr'>grammatici</span> <span class='ocrx_word' id='word_1_10' title='bbox 380 580 416 644; x_wconf 89' lang='grc'>61</span> <span class='ocrx_word' id='word_1_11' title='bbox 448 568 665 644; x_wconf 82' lang='lat' dir='ltr'>scholiastae</span> <span class='ocrx_word' id='word_1_12' title='bbox 699 569 837 668; x_wconf 84' lang='lat' dir='ltr'>antiqui</span> <span class='ocrx_word' id='word_1_13' title='bbox 871 569 969 643; x_wconf 90' lang='lat' dir='ltr'>haud</span> <span class='ocrx_word' id='word_1_14' title='bbox 994 594 1135 667; x_wconf 90' lang='lat' dir='ltr'>paucas</span> 
     </span>
     <span class='ocr_line' id='line_1_4' title="bbox 7 688 1134 788; baseline -0.002 -24"><span class='ocrx_word' id='word_1_15' title='bbox 7 719 9 724; x_wconf 70' lang='grc'>’</span> <span class='ocrx_word' id='word_1_16' title='bbox 111 702 318 764; x_wconf 88' lang='lat' dir='ltr'>servarunt.</span> <span class='ocrx_word' id='word_1_17' title='bbox 349 689 448 782; x_wconf 80' lang='lat' dir='ltr'>Quid</span> <span class='ocrx_word' id='word_1_18' title='bbox 477 691 575 788; x_wconf 89' lang='lat' dir='ltr'>quod</span> <span class='ocrx_word' id='word_1_19' title='bbox 602 689 662 764; x_wconf 91' lang='lat' dir='ltr'>bic</span> <span class='ocrx_word' id='word_1_20' title='bbox 688 689 762 763; x_wconf 90' lang='lat' dir='ltr'>illic</span> <span class='ocrx_word' id='word_1_21' title='bbox 779 716 826 764; x_wconf 88' lang='lat' dir='ltr'>ne</span> <span class='ocrx_word' id='word_1_22' title='bbox 845 689 1036 764; x_wconf 89' lang='lat' dir='ltr'>diiudicari</span> <span class='ocrx_word' id='word_1_23' title='bbox 1053 688 1134 786; x_wconf 89' lang='lat' dir='ltr'>qui·</span> 
     </span>
     <span class='ocr_line' id='line_1_5' title="bbox 112 807 1135 909; baseline -0.004 -25"><span class='ocrx_word' id='word_1_24' title='bbox 112 809 197 884; x_wconf 88' lang='lat' dir='ltr'>dem</span> <span class='ocrx_word' id='word_1_25' title='bbox 225 823 325 885; x_wconf 88' lang='lat' dir='ltr'>certo</span> <span class='ocrx_word' id='word_1_26' title='bbox 351 821 484 909; x_wconf 78' lang='lat' dir='ltr'>potest,</span> <span class='ocrx_word' id='word_1_27' title='bbox 512 822 638 884; x_wconf 84' lang='lat' dir='ltr'>utrum</span> <span class='ocrx_word' id='word_1_28' title='bbox 666 809 846 884; x_wconf 77' lang='lat' dir='ltr'>Catilinae</span> <span class='ocrx_word' id='word_1_29' title='bbox 873 822 909 883; x_wconf 88' lang='lat' dir='ltr'>et</span> <span class='ocrx_word' id='word_1_30' title='bbox 934 807 1135 906; x_wconf 82' lang='lat' dir='ltr'>Iugurthae</span> 
     </span>
     <span class='ocr_line' id='line_1_6' title="bbox 111 927 1135 1026; baseline -0.006 -21"><span class='ocrx_word' id='word_1_31' title='bbox 111 957 160 1006; x_wconf 91' lang='lat' dir='ltr'>an</span> <span class='ocrx_word' id='word_1_32' title='bbox 186 931 434 1006; x_wconf 88' lang='lat' dir='ltr'>Historiarum</span> <span class='ocrx_word' id='word_1_33' title='bbox 461 930 533 1006; x_wconf 90' lang='lat' dir='ltr'>loci</span> <span class='ocrx_word' id='word_1_34' title='bbox 569 932 826 1004; x_wconf 85' lang='lat' dir='ltr'>exhibeantur:</span> <span class='ocrx_word' id='word_1_35' title='bbox 865 958 901 1004; x_wconf 88' lang='lat' dir='ltr'>v.</span> <span class='ocrx_word' id='word_1_36' title='bbox 935 929 974 1002; x_wconf 90' lang='lat' dir='ltr'>in</span> <span class='ocrx_word' id='word_1_37' title='bbox 1008 927 1135 1026; x_wconf 88' lang='lat' dir='ltr'>primis</span> 
     </span>
     <span class='ocr_line' id='line_1_7' title="bbox 112 1049 1133 1146; baseline -0.004 -20"><span class='ocrx_word' id='word_1_38' title='bbox 112 1049 208 1126; x_wconf 81' lang='lat' dir='ltr'>Gall.</span> <span class='ocrx_word' id='word_1_39' title='bbox 228 1052 294 1131; x_wconf 84' lang='lat' dir='ltr'>IX.</span> <span class='ocrx_word' id='word_1_40' title='bbox 316 1056 350 1141; x_wconf 89' lang='grc'>9,</span> <span class='ocrx_word' id='word_1_41' title='bbox 380 1054 428 1126; x_wconf 94' lang='grc'>22</span> <span class='ocrx_word' id='word_1_42' title='bbox 448 1063 484 1126; x_wconf 88' lang='grc'>61</span> <span class='ocrx_word' id='word_1_43' title='bbox 501 1053 598 1126; x_wconf 91' lang='lat' dir='ltr'>Non.</span> <span class='ocrx_word' id='word_1_44' title='bbox 629 1055 711 1144; x_wconf 87' lang='grc'>129,</span> <span class='ocrx_word' id='word_1_45' title='bbox 742 1055 790 1124; x_wconf 89' lang='grc'>20</span> <span class='ocrx_word' id='word_1_46' title='bbox 818 1049 912 1125; x_wconf 88' lang='lat' dir='ltr'>conl.</span> <span class='ocrx_word' id='word_1_47' title='bbox 940 1074 1026 1124; x_wconf 90' lang='lat' dir='ltr'>cum</span> <span class='ocrx_word' id='word_1_48' title='bbox 1052 1050 1133 1146; x_wconf 86' lang='lat' dir='ltr'>Ing.</span> 
     </span>
     <span class='ocr_line' id='line_1_8' title="bbox 111 1167 1134 1268; baseline -0.001 -25"><span class='ocrx_word' id='word_1_49' title='bbox 111 1171 182 1263; x_wconf 90' lang='grc'>93,</span> <span class='ocrx_word' id='word_1_50' title='bbox 224 1174 258 1244; x_wconf 80' lang='grc'>3.</span> <span class='ocrx_word' id='word_1_51' title='bbox 303 1167 441 1243; x_wconf 88' lang='lat' dir='ltr'>Contra</span> <span class='ocrx_word' id='word_1_52' title='bbox 467 1170 650 1244; x_wconf 89' lang='lat' dir='ltr'>abstinere</span> <span class='ocrx_word' id='word_1_53' title='bbox 677 1195 752 1243; x_wconf 91' lang='lat' dir='ltr'>non</span> <span class='ocrx_word' id='word_1_54' title='bbox 779 1169 884 1268; x_wconf 90' lang='lat' dir='ltr'>potui</span> <span class='ocrx_word' id='word_1_55' title='bbox 911 1195 985 1267; x_wconf 90' lang='lat' dir='ltr'>quo</span> <span class='ocrx_word' id='word_1_56' title='bbox 1013 1171 1134 1244; x_wconf 88' lang='lat' dir='ltr'>minus</span> 
     </span>
     <span class='ocr_line' id='line_1_9' title="bbox 111 1289 1136 1390; baseline -0.004 -23"><span class='ocrx_word' id='word_1_57' title='bbox 111 1316 208 1390; x_wconf 88' lang='lat' dir='ltr'>quae</span> <span class='ocrx_word' id='word_1_58' title='bbox 225 1289 309 1365; x_wconf 85' lang='lat' dir='ltr'>San.</span> <span class='ocrx_word' id='word_1_59' title='bbox 332 1316 388 1390; x_wconf 92' lang='lat' dir='ltr'>ep.</span> <span class='ocrx_word' id='word_1_60' title='bbox 412 1297 496 1379; x_wconf 87' lang='grc'>114,</span> <span class='ocrx_word' id='word_1_61' title='bbox 519 1295 576 1381; x_wconf 87' lang='grc'>18,</span> <span class='ocrx_word' id='word_1_62' title='bbox 605 1292 816 1366; x_wconf 83' lang='lat' dir='ltr'>Sallustium</span> <span class='ocrx_word' id='word_1_63' title='bbox 836 1290 967 1364; x_wconf 87' lang='lat' dir='ltr'>dixisse</span> <span class='ocrx_word' id='word_1_64' title='bbox 984 1289 1136 1363; x_wconf 87' lang='lat' dir='ltr'>tradidit</span> 
     </span>
     <span class='ocr_line' id='line_1_10' title="bbox 110 1409 1135 1511; baseline -0.003 -26"><span class='ocrx_word' id='word_1_65' title='bbox 110 1411 212 1511; x_wconf 69' lang='lat' dir='ltr'>aquas</span> <span class='ocrx_word' id='word_1_66' title='bbox 236 1409 479 1500; x_wconf 67' lang='lat' dir='ltr'>timendus,</span> <span class='ocrx_word' id='word_1_67' title='bbox 508 1437 593 1486; x_wconf 92' lang='lat' dir='ltr'>cum</span> <span class='ocrx_word' id='word_1_68' title='bbox 619 1413 667 1487; x_wconf 90' lang='lat' dir='ltr'>ab</span> <span class='ocrx_word' id='word_1_69' title='bbox 696 1411 894 1485; x_wconf 89' lang='lat' dir='ltr'>editoribus</span> <span class='ocrx_word' id='word_1_70' title='bbox 917 1410 1135 1509; x_wconf 82' lang='lat' dir='ltr'>plerumque</span> 
     </span>
     <span class='ocr_line' id='line_1_11' title="bbox 108 1531 1132 1630; baseline 0 -26"><span class='ocrx_word' id='word_1_71' title='bbox 108 1532 206 1605; x_wconf 89' lang='lat' dir='ltr'>inter</span> <span class='ocrx_word' id='word_1_72' title='bbox 219 1531 468 1606; x_wconf 86' lang='lat' dir='ltr'>Historiarum</span> <span class='ocrx_word' id='word_1_73' title='bbox 487 1534 692 1630; x_wconf 89' lang='lat' dir='ltr'>fragmenta</span> <span class='ocrx_word' id='word_1_74' title='bbox 710 1533 825 1606; x_wconf 90' lang='lat' dir='ltr'>relata</span> <span class='ocrx_word' id='word_1_75' title='bbox 843 1545 964 1606; x_wconf 74' lang='lat' dir='ltr'>essent</span> <span class='ocrx_word' id='word_1_76' title='bbox 982 1532 1069 1628; x_wconf 85' lang='lat' dir='ltr'>(inc.</span> <span class='ocrx_word' id='word_1_77' title='bbox 1085 1534 1132 1605; x_wconf 82' lang='grc'>87</span> 
     </span>
     <span class='ocr_line' id='line_1_12' title="bbox 111 1650 1136 1752; baseline -0.001 -27"><span class='ocrx_word' id='word_1_78' title='bbox 111 1651 265 1752; x_wconf 66' lang='lat' dir='ltr'>Ruta),</span> <span class='ocrx_word' id='word_1_79' title='bbox 292 1675 510 1750; x_wconf 89' lang='lat' dir='ltr'>reponerem</span> <span class='ocrx_word' id='word_1_80' title='bbox 536 1653 737 1750; x_wconf 85' lang='lat' dir='ltr'>Iugurthae</span> <span class='ocrx_word' id='word_1_81' title='bbox 773 1677 801 1726; x_wconf 89' lang='lat' dir='ltr'>c.</span> <span class='ocrx_word' id='word_1_82' title='bbox 833 1656 892 1748; x_wconf 78' lang='grc'>37,</span> <span class='ocrx_word' id='word_1_83' title='bbox 928 1657 962 1742; x_wconf 89' lang='grc'>4,</span> <span class='ocrx_word' id='word_1_84' title='bbox 999 1651 1065 1726; x_wconf 89' lang='lat' dir='ltr'>ubi</span> <span class='ocrx_word' id='word_1_85' title='bbox 1097 1650 1136 1724; x_wconf 91' lang='lat' dir='ltr'>in</span> 
     </span>
     <span class='ocr_line' id='line_1_13' title="bbox 110 1770 1136 1871; baseline -0.002 -26"><span class='ocrx_word' id='word_1_86' title='bbox 110 1771 248 1846; x_wconf 86' lang='lat' dir='ltr'>nostris</span> <span class='ocrx_word' id='word_1_87' title='bbox 274 1770 377 1846; x_wconf 84' lang='lat' dir='ltr'>libris</span> <span class='ocrx_word' id='word_1_88' title='bbox 404 1771 539 1869; x_wconf 86' lang='lat' dir='ltr'>legitur</span> <span class='ocrx_word' id='word_1_89' title='bbox 563 1771 778 1846; x_wconf 62' lang='lat' dir='ltr'>crematas.</span> <span class='ocrx_word' id='word_1_90' title='bbox 814 1770 924 1846; x_wconf 85' lang='lat' dir='ltr'>Velut</span> <span class='ocrx_word' id='word_1_91' title='bbox 949 1782 1136 1871; x_wconf 88' lang='lat' dir='ltr'>praeterea</span> 
     </span>
     <span class='ocr_line' id='line_1_14' title="bbox 111 1889 1134 1990; baseline 0.001 -27"><span class='ocrx_word' id='word_1_92' title='bbox 111 1890 161 1964; x_wconf 90' lang='lat' dir='ltr'>ad</span> <span class='ocrx_word' id='word_1_93' title='bbox 187 1889 418 1964; x_wconf 86' lang='lat' dir='ltr'>luculentum</span> <span class='ocrx_word' id='word_1_94' title='bbox 446 1891 615 1964; x_wconf 88' lang='lat' dir='ltr'>Arusiani</span> <span class='ocrx_word' id='word_1_95' title='bbox 640 1917 676 1990; x_wconf 90' lang='lat' dir='ltr'>p.</span> <span class='ocrx_word' id='word_1_96' title='bbox 706 1894 779 1966; x_wconf 86' lang='grc'>233</span> <span class='ocrx_word' id='word_1_97' title='bbox 807 1891 846 1966; x_wconf 88' lang='lat' dir='ltr'>L.</span> <span class='ocrx_word' id='word_1_98' title='bbox 884 1891 1134 1965; x_wconf 86' lang='lat' dir='ltr'>testimonium</span> 
     </span>
     <span class='ocr_line' id='line_1_15' title="bbox 109 2009 1130 2109; baseline 0.002 -27"><span class='ocrx_word' id='word_1_99' title='bbox 109 2010 240 2085; x_wconf 85' lang='lat' dir='ltr'>refinxi</span> <span class='ocrx_word' id='word_1_100' title='bbox 266 2009 391 2084; x_wconf 92' lang='lat' dir='ltr'>locum</span> <span class='ocrx_word' id='word_1_101' title='bbox 418 2010 497 2109; x_wconf 88' lang='lat' dir='ltr'>lug.</span> <span class='ocrx_word' id='word_1_102' title='bbox 530 2015 614 2104; x_wconf 89' lang='grc'>104,</span> <span class='ocrx_word' id='word_1_103' title='bbox 641 2016 685 2103; x_wconf 89' lang='grc'>4;</span> <span class='ocrx_word' id='word_1_104' title='bbox 721 2039 766 2087; x_wconf 88' lang='lat' dir='ltr'>ex</span> <span class='ocrx_word' id='word_1_105' title='bbox 791 2013 1007 2088; x_wconf 88' lang='lat' dir='ltr'>auctoritate</span> <span class='ocrx_word' id='word_1_106' title='bbox 1034 2010 1130 2087; x_wconf 73' lang='grc'>(1116-</span> 
     </span>
     <span class='ocr_line' id='line_1_16' title="bbox 112 2130 1135 2232; baseline 0.002 -28"><span class='ocrx_word' id='word_1_107' title='bbox 112 2131 191 2205; x_wconf 91' lang='lat' dir='ltr'>risii</span> <span class='ocrx_word' id='word_1_108' title='bbox 217 2159 252 2230; x_wconf 92' lang='lat' dir='ltr'>p.</span> <span class='ocrx_word' id='word_1_109' title='bbox 283 2134 353 2203; x_wconf 79' lang='grc'>111</span> <span class='ocrx_word' id='word_1_110' title='bbox 382 2130 424 2205; x_wconf 92' lang='grc' dir='ltr'>Ρ.</span> <span class='ocrx_word' id='word_1_111' title='bbox 454 2130 514 2232; x_wconf 84' lang='lat' dir='ltr'>(cf.</span> <span class='ocrx_word' id='word_1_112' title='bbox 542 2132 694 2207; x_wconf 91' lang='lat' dir='ltr'>Laehm.</span> <span class='ocrx_word' id='word_1_113' title='bbox 724 2134 773 2208; x_wconf 88' lang='lat' dir='ltr'>ad</span> <span class='ocrx_word' id='word_1_114' title='bbox 791 2135 899 2208; x_wconf 89' lang='lat' dir='ltr'>Lucr.</span> <span class='ocrx_word' id='word_1_115' title='bbox 926 2161 962 2232; x_wconf 93' lang='lat' dir='ltr'>p.</span> <span class='ocrx_word' id='word_1_116' title='bbox 991 2130 1080 2232; x_wconf 82' lang='lat'>306)</span> <span class='ocrx_word' id='word_1_117' title='bbox 1100 2143 1135 2206; x_wconf 86' lang='lat' dir='ltr'>et</span> 
     </span>
     <span class='ocr_line' id='line_1_17' title="bbox 110 2250 1133 2352; baseline 0.003 -27"><span class='ocrx_word' id='word_1_118' title='bbox 110 2251 255 2350; x_wconf 86' lang='lat' dir='ltr'>expleta</span> <span class='ocrx_word' id='word_1_119' title='bbox 273 2261 328 2324; x_wconf 90' lang='lat' dir='ltr'>est</span> <span class='ocrx_word' id='word_1_120' title='bbox 344 2250 479 2326; x_wconf 85' lang='lat' dir='ltr'>lacuna</span> <span class='ocrx_word' id='word_1_121' title='bbox 497 2263 533 2326; x_wconf 92' lang='lat' dir='ltr'>et</span> <span class='ocrx_word' id='word_1_122' title='bbox 550 2252 671 2351; x_wconf 85' lang='lat' dir='ltr'>glossa</span> <span class='ocrx_word' id='word_1_123' title='bbox 693 2253 841 2329; x_wconf 89' lang='lat' dir='ltr'>sublata</span> <span class='ocrx_word' id='word_1_124' title='bbox 866 2255 905 2327; x_wconf 94' lang='lat' dir='ltr'>in</span> <span class='ocrx_word' id='word_1_125' title='bbox 932 2280 988 2352; x_wconf 87' lang='lat' dir='ltr'>ep.</span> <span class='ocrx_word' id='word_1_126' title='bbox 1008 2252 1133 2328; x_wconf 90' lang='lat' dir='ltr'>Mithr.</span> 
     </span>
     <span class='ocr_line' id='line_1_18' title="bbox 113 2369 1134 2474; baseline -0.002 -28"><span class='ocrx_word' id='word_1_127' title='bbox 113 2375 178 2466; x_wconf 78' lang='lat'>163</span> <span class='ocrx_word' id='word_1_128' title='bbox 205 2369 292 2444; x_wconf 92' lang='lat' dir='ltr'>ibid.</span> <span class='ocrx_word' id='word_1_129' title='bbox 321 2376 356 2466; x_wconf 65' lang='grc' dir='ltr'>ξ.</span> <span class='ocrx_word' id='word_1_130' title='bbox 380 2377 424 2446; x_wconf 77' lang='grc'>17</span> <span class='ocrx_word' id='word_1_131' title='bbox 454 2373 674 2448; x_wconf 86' lang='lat' dir='ltr'>emendandi</span> <span class='ocrx_word' id='word_1_132' title='bbox 697 2375 839 2474; x_wconf 90' lang='lat' dir='ltr'>copiam</span> <span class='ocrx_word' id='word_1_133' title='bbox 857 2375 943 2449; x_wconf 88' lang='lat' dir='ltr'>fecit</span> <span class='ocrx_word' id='word_1_134' title='bbox 962 2377 1064 2446; x_wconf 85' lang='lat' dir='ltr'>Serv.</span> <span class='ocrx_word' id='word_1_135' title='bbox 1086 2371 1134 2444; x_wconf 91' lang='lat' dir='ltr'>ad</span> 
     </span>
     <span class='ocr_line' id='line_1_19' title="bbox 108 2491 1135 2594; baseline 0.001 -29"><span class='ocrx_word' id='word_1_136' title='bbox 108 2491 202 2566; x_wconf 85' lang='lat' dir='ltr'>Aen.</span> <span class='ocrx_word' id='word_1_137' title='bbox 230 2491 312 2566; x_wconf 87' lang='lat' dir='ltr'>VII.</span> <span class='ocrx_word' id='word_1_138' title='bbox 341 2494 427 2566; x_wconf 84' lang='lat'>303.</span> <span class='ocrx_word' id='word_1_139' title='bbox 455 2493 547 2566; x_wconf 91' lang='lat' dir='ltr'>Aliis</span> <span class='ocrx_word' id='word_1_140' title='bbox 574 2494 663 2568; x_wconf 88' lang='lat' dir='ltr'>locis</span> <span class='ocrx_word' id='word_1_141' title='bbox 691 2496 780 2569; x_wconf 91' lang='lat' dir='ltr'>baec</span> <span class='ocrx_word' id='word_1_142' title='bbox 806 2495 888 2594; x_wconf 88' lang='lat' dir='ltr'>ipsa</span> <span class='ocrx_word' id='word_1_143' title='bbox 906 2493 1135 2592; x_wconf 85' lang='lat' dir='ltr'>antiquitatis</span> 
     </span>
     <span class='ocr_line' id='line_1_20' title="bbox 108 2612 1135 2712; baseline 0.001 -26"><span class='ocrx_word' id='word_1_144' title='bbox 108 2612 316 2686; x_wconf 89' lang='lat' dir='ltr'>testimonia</span> <span class='ocrx_word' id='word_1_145' title='bbox 342 2638 476 2711; x_wconf 91' lang='lat' dir='ltr'>parum</span> <span class='ocrx_word' id='word_1_146' title='bbox 502 2613 597 2688; x_wconf 88' lang='lat' dir='ltr'>inter</span> <span class='ocrx_word' id='word_1_147' title='bbox 624 2641 662 2688; x_wconf 90' lang='lat' dir='ltr'>se</span> <span class='ocrx_word' id='word_1_148' title='bbox 698 2615 914 2689; x_wconf 88' lang='lat' dir='ltr'>concinunt:</span> <span class='ocrx_word' id='word_1_149' title='bbox 952 2627 987 2689; x_wconf 91' lang='lat' dir='ltr'>et</span> <span class='ocrx_word' id='word_1_150' title='bbox 1022 2639 1135 2712; x_wconf 89' lang='lat' dir='ltr'>quam</span> 
     </span>
     <span class='ocr_line' id='line_1_21' title="bbox 109 2730 1135 2834; baseline 0.001 -29"><span class='ocrx_word' id='word_1_151' title='bbox 109 2741 256 2805; x_wconf 89' lang='lat' dir='ltr'>mature</span> <span class='ocrx_word' id='word_1_152' title='bbox 291 2730 441 2806; x_wconf 82' lang='lat' dir='ltr'>Sallusti</span> <span class='ocrx_word' id='word_1_153' title='bbox 481 2736 596 2807; x_wconf 90' lang='lat' dir='ltr'>verba</span> <span class='ocrx_word' id='word_1_154' title='bbox 635 2735 773 2834; x_wconf 89' lang='lat' dir='ltr'>ineptia</span> <span class='ocrx_word' id='word_1_155' title='bbox 811 2737 1135 2832; x_wconf 86' lang='lat' dir='ltr'>grammaticorum</span> 
     </span>
     <span class='ocr_line' id='line_1_22' title="bbox 110 2851 1136 2954; baseline -0.001 -27"><span class='ocrx_word' id='word_1_156' title='bbox 110 2851 299 2950; x_wconf 87' lang='lat' dir='ltr'>corrumpi</span> <span class='ocrx_word' id='word_1_157' title='bbox 327 2864 459 2952; x_wconf 88' lang='lat' dir='ltr'>coepta</span> <span class='ocrx_word' id='word_1_158' title='bbox 485 2853 569 2941; x_wconf 78' lang='lat' dir='ltr'>sint,</span> <span class='ocrx_word' id='word_1_159' title='bbox 597 2879 641 2929; x_wconf 88' lang='lat' dir='ltr'>ex</span> <span class='ocrx_word' id='word_1_160' title='bbox 668 2855 719 2929; x_wconf 90' lang='lat' dir='ltr'>eis</span> <span class='ocrx_word' id='word_1_161' title='bbox 737 2866 849 2954; x_wconf 85' lang='lat' dir='ltr'>patet,</span> <span class='ocrx_word' id='word_1_162' title='bbox 878 2881 973 2953; x_wconf 88' lang='lat' dir='ltr'>quae</span> <span class='ocrx_word' id='word_1_163' title='bbox 992 2852 1136 2928; x_wconf 80' lang='lat' dir='ltr'>Gellius</span> 
     </span>
     <span class='ocr_line' id='line_1_23' title="bbox 107 2972 1133 3075; baseline 0.002 -29"><span class='ocrx_word' id='word_1_164' title='bbox 107 2973 138 3047; x_wconf 93' lang='lat' dir='ltr'>I.</span> <span class='ocrx_word' id='word_1_165' title='bbox 171 2975 230 3059; x_wconf 82' lang='lat'>15,</span> <span class='ocrx_word' id='word_1_166' title='bbox 261 2976 307 3046; x_wconf 89' lang='lat'>18</span> <span class='ocrx_word' id='word_1_167' title='bbox 337 2973 397 3073; x_wconf 85' lang='lat' dir='ltr'>(cf.</span> <span class='ocrx_word' id='word_1_168' title='bbox 426 2972 505 3047; x_wconf 81' lang='lat' dir='ltr'>Oat.</span> <span class='ocrx_word' id='word_1_169' title='bbox 538 2979 571 3064; x_wconf 89' lang='grc'>5,</span> <span class='ocrx_word' id='word_1_170' title='bbox 599 2974 638 3074; x_wconf 89' lang='grc'>4)</span> <span class='ocrx_word' id='word_1_171' title='bbox 666 2987 701 3048; x_wconf 89' lang='lat' dir='ltr'>et</span> <span class='ocrx_word' id='word_1_172' title='bbox 718 2974 802 3055; x_wconf 84' lang='lat' dir='ltr'>XX.</span> <span class='ocrx_word' id='word_1_173' title='bbox 833 2979 866 3068; x_wconf 87' lang='grc'>6,</span> <span class='ocrx_word' id='word_1_174' title='bbox 897 2980 944 3048; x_wconf 91' lang='grc'>14</span> <span class='ocrx_word' id='word_1_175' title='bbox 973 2973 1133 3075; x_wconf 76' lang='grc'>(61061.</span> 
     </span>
     <span class='ocr_line' id='line_1_24' title="bbox 110 3092 897 3195; baseline 0 -27"><span class='ocrx_word' id='word_1_176' title='bbox 110 3096 171 3186; x_wconf 85' lang='grc'>33,</span> <span class='ocrx_word' id='word_1_177' title='bbox 202 3092 239 3192; x_wconf 87' lang='grc'>2)</span> <span class='ocrx_word' id='word_1_178' title='bbox 268 3094 336 3168; x_wconf 89' lang='lat' dir='ltr'>hac</span> <span class='ocrx_word' id='word_1_179' title='bbox 363 3095 475 3167; x_wconf 91' lang='lat' dir='ltr'>dere</span> <span class='ocrx_word' id='word_1_180' title='bbox 501 3095 697 3170; x_wconf 87' lang='lat' dir='ltr'>memoriae</span> <span class='ocrx_word' id='word_1_181' title='bbox 723 3094 897 3195; x_wconf 91' lang='lat' dir='ltr'>prodidit.</span> 
     </span>
    </p>

    <p class='ocr_par' dir='ltr' id='par_1_3' title="bbox 110 3212 1136 3554">
     <span class='ocr_line' id='line_1_25' title="bbox 186 3212 1136 3313; baseline 0.002 -29"><span class='ocrx_word' id='word_1_182' title='bbox 186 3212 244 3286; x_wconf 87' lang='lat' dir='ltr'>Ac</span> <span class='ocrx_word' id='word_1_183' title='bbox 278 3213 389 3288; x_wconf 89' lang='lat' dir='ltr'>medii</span> <span class='ocrx_word' id='word_1_184' title='bbox 428 3213 511 3287; x_wconf 87' lang='lat' dir='ltr'>aevi</span> <span class='ocrx_word' id='word_1_185' title='bbox 551 3215 709 3289; x_wconf 91' lang='lat' dir='ltr'>decursu</span> <span class='ocrx_word' id='word_1_186' title='bbox 746 3214 895 3289; x_wconf 86' lang='lat' dir='ltr'>Sallusti</span> <span class='ocrx_word' id='word_1_187' title='bbox 924 3215 1136 3313; x_wconf 84' lang='lat' dir='ltr'>‘abruptum</span> 
     </span>
     <span class='ocr_line' id='line_1_26' title="bbox 110 3332 1135 3434; baseline 0 -28"><span class='ocrx_word' id='word_1_188' title='bbox 110 3333 289 3406; x_wconf 85' lang='lat' dir='ltr'>sermonis</span> <span class='ocrx_word' id='word_1_189' title='bbox 308 3332 436 3430; x_wconf 91' lang='lat' dir='ltr'>genus&#39;</span> <span class='ocrx_word' id='word_1_190' title='bbox 462 3347 498 3408; x_wconf 86' lang='lat' dir='ltr'>et</span> <span class='ocrx_word' id='word_1_191' title='bbox 525 3335 768 3410; x_wconf 88' lang='lat' dir='ltr'>‘inmortalem</span> <span class='ocrx_word' id='word_1_192' title='bbox 786 3333 1029 3410; x_wconf 87' lang='lat' dir='ltr'>velocitatcm’</span> <span class='ocrx_word' id='word_1_193' title='bbox 1045 3359 1135 3434; x_wconf 91' lang='lat' dir='ltr'>prae</span> 
     </span>
     <span class='ocr_line' id='line_1_27' title="bbox 110 3452 1134 3554; baseline -0.001 -26"><span class='ocrx_word' id='word_1_194' title='bbox 110 3452 244 3528; x_wconf 87' lang='lat' dir='ltr'>ceteris</span> <span class='ocrx_word' id='word_1_195' title='bbox 280 3454 525 3553; x_wconf 83' lang='lat' dir='ltr'>scriptoribus</span> <span class='ocrx_word' id='word_1_196' title='bbox 560 3455 736 3530; x_wconf 87' lang='lat' dir='ltr'>invitasse</span> <span class='ocrx_word' id='word_1_197' title='bbox 771 3455 939 3531; x_wconf 89' lang='lat' dir='ltr'>librarios</span> <span class='ocrx_word' id='word_1_198' title='bbox 973 3481 1043 3554; x_wconf 89' lang='lat' dir='ltr'>par</span> <span class='ocrx_word' id='word_1_199' title='bbox 1070 3465 1134 3544; x_wconf 81' lang='lat' dir='ltr'>est,</span> 
     </span>
    </p>
   </div>
   <div class='ocr_carea' id='block_1_3' title="bbox 0 0 1256 3968">
    <p class='ocr_par' dir='ltr' id='par_1_4' title="bbox 0 0 1256 3968">
     <span class='ocr_line' id='line_1_28' title="bbox 0 0 1256 3968; baseline 0 0"><span class='ocrx_word' id='word_1_200' title='bbox 0 0 1256 3968; x_wconf 95' lang='lat' dir='ltr'> </span> 
     </span>
    </p>
   </div>
  </div>
 </body>
</html>
