2520 3966
108 257 110 270 ·
238 294 244 304 ,
366 219 596 290 Ivevnrfln
619 219 744 289 tea-78
973 223 1029 289 101

73 394 199 482 proelio
221 396 375 483 intentos,
398 397 493 463 simul
516 396 669 485 oppidum
692 405 724 463 et
746 400 895 488 operibus
918 409 950 469 et
964 400 1036 469 loeo

74 484 232 551 munitum
252 481 357 569 videt,
384 483 472 550 ralla
492 484 640 573 fossaque
661 488 789 552 moenia
818 489 1035 555 circumvenit.

69 569 203 636 Deinde
224 569 304 637 loeis
327 593 369 636 ex
390 573 483 658 eopia
504 595 652 638 maxume
667 571 791 638 idoneis
804 576 915 641 vineas
931 592 1063 662 agerat

74 679 229 744 aggerem
248 659 354 724 iacere
378 666 410 723 et
432 680 528 746 super
551 663 723 748 [aggerem]
738 661 772 724 in
796 663 883 728 ositis
897 662 1037 727 turribus

44 765 156 831 sopus
190 753 222 809 et
251 743 453 810 administros
476 747 581 810 tutari.
628 745 748 812 Contra
772 684 858 814 haec
885 749 1062 837 oppidanis

74 830 227 895 festinare
253 853 382 918 parare:
410 853 540 918 prorsus
570 830 610 897 ab
631 834 710 896 utris
733 856 774 898 ue
796 835 876 900 nihil
903 836 1035 900 relicum

73 917 155 981 fieri.
192 917 341 1006 Denique
363 918 498 984 Romani
513 917 613 983 multo
629 927 702 986 ante
713 857 828 986 dabore
842 923 1061 1010 proeliisqueo

74 1003 215 1090 fatigati,
250 1013 324 1091 post
352 1004 420 1069 dies
450 1005 674 1092 quadraginta,
714 1029 809 1094 quam
838 1031 876 1075 eo
904 1018 1036 1075 ventum

74 1099 160 1175 erat,
184 1091 301 1178 oppido
323 1090 417 1157 modo
439 1093 549 1177 potiti3
572 1092 691 1179 praeda
713 1096 815 1158 omnis
838 1094 878 1160 ab
893 1095 1035 1182 perfugis

29 1186 234 1264 pocomnpta.
277 1178 319 1243 Ei
340 1185 512 1265 postquam
534 1202 658 1244 murum
680 1180 833 1247 arietibus
855 1181 943 1246 feriri
969 1205 1059 1255 res-⁶

95 1285 137 1329 ue
160 1287 233 1329 suas
255 1263 400 1330 adflictas
422 1263 549 1349 vident,
574 1289 685 1332 aurum
706 1277 801 1356 atque
816 1277 981 1355 argentum
1004 1278 1036 1333 et

72 1287 138 1417 dia
165 1373 245 1440 quae
271 1352 376 1440 prime
402 1350 561 1418 ducuntur
596 1352 724 1418 domum
752 1356 875 1442 regiam
903 1377 1035 1442 conpor-

70 1445 160 1522 tant;
190 1437 236 1502 ibi
263 1440 339 1505 vino
370 1445 402 1504 et
424 1437 526 1525 epuiis
549 1442 674 1506 onerati
699 1439 817 1528 illaque
847 1451 879 1507 et
907 1442 1035 1507 domum

72 1531 106 1590 et
129 1533 231 1590 semet
251 1525 319 1612 igni
341 1534 564 1612 corrumpunt,
588 1537 620 1592 et
642 1550 720 1615 quas
743 1529 821 1592 vieti
836 1529 876 1594 ab
892 1528 1035 1595 hostibus

28 1633 194 1699 repoenes
216 1620 408 1697 metuerant,
433 1633 487 1678 eas
509 1614 571 1700 ipsi
593 1615 737 1680 volentes
758 1616 950 1703 pependere.

139 1697 205 1765 Sed
248 1700 346 1765 ariter
368 1720 441 1765 cum
470 1709 563 1787 capta
585 1700 687 1766 'Phala
719 1701 816 1787 legati
846 1723 887 1767 ex
917 1725 957 1789 op
980 1701 1083 1767 idota

8 1823 9 1876 3
69 1785 210 1873 Leptia
245 1786 411 1853 Metellum
425 1797 597 1872 venerant,
621 1797 756 1871 orantes,
779 1789 826 1851 uti
840 1725 1035 1875 praesidium

94 1872 334 1962 raefeotumque
368 1895 406 1940 eo
434 1875 592 1940 mitteret:
621 1873 839 1939 Hamilcarem
867 1873 1033 1962 quendam,

70 1897 235 2026 hominem
261 1960 405 2028 nobilem
440 1961 624 2044 factiosum,
654 1962 748 2026 novis
775 1961 872 2025 rebus
895 1959 1033 2045 studere,

25 2073 59 2122 20
70 2046 246 2112 advorsum
269 2071 362 2136 quem
384 2071 425 2113 ne
448 2071 489 2113 ue
510 2050 645 2134 imperia
667 2047 909 2133 magistratuum
928 2068 1034 2134 neque

71 2132 162 2217 leges
184 2133 343 2219 valerent,
366 2138 400 2200 ni
421 2071 455 2199 id
476 2135 655 2215 festinaret,
685 2135 718 2196 in
741 2155 863 2200 summo
890 2132 1033 2220 periculo

71 2237 163 2284 suam
186 2219 335 2306 salutem,
364 2221 491 2287 illorum
514 2223 616 2286 socios
638 2221 716 2284 fore.
760 2219 843 2285 Nam
871 2219 1058 2307 Leptitanit

70 2307 137 2371 iam
170 2307 245 2372 inde
273 2331 293 2372 a
313 2309 469 2394 principio
491 2307 570 2371 belli
593 2305 794 2392 [Iugurthini]
817 2306 858 2372 ad
890 2307 1033 2372 Bestiam

71 2392 237 2458 consulem
276 2409 308 2458 et
349 2406 461 2482 postea
495 2393 630 2460 Romam
665 2393 818 2458 miserant
861 2395 1033 2458 amicitiam

25 2502 58 2552 25
71 2480 323 2568 societatemque
345 2491 498 2566 rogatum.
543 2478 687 2564 Deinde,
717 2478 774 2544 ubi
798 2501 836 2545 ea
864 2482 1058 2567 inpetratat

70 2588 200 2652 semper
221 2566 297 2632 boni
318 2567 493 2656 fidelesque
510 2589 657 2632 mansere
681 2574 712 2632 et
735 2576 850 2632 cuncta
870 2589 891 2631 a
911 2566 1031 2652 Bestia,

69 2652 191 2718 Albino
213 2653 406 2804 Metellopue
422 2657 578 2741 imperata
599 2675 703 2739 gnare
726 2653 876 2718 fecerant.
920 2652 1032 2741 Itaque

71 2739 112 2806 ab
134 2741 326 2826 imperatore
360 2740 440 2806 acile
464 2763 544 2829 quae
565 2739 717 2827 petebant
739 2739 856 2827 adepti
886 2739 1032 2806 Emissae

68 2849 110 2978 po
134 2827 280 2893 cohortes
294 2827 449 2913 Ligurum
472 2835 619 2916 quattuor
639 2835 670 2892 et
685 2825 786 2893 Gaius
800 2825 925 2892 Annius
940 2847 1031 2912 prae·

24 2937 58 2988 ³0
84 2921 183 2979 ectus.

134 2997 174 3065 Id
196 3001 348 3090 oppidum
371 3000 411 3065 ab
434 2999 575 3066 Sidoniis
597 2999 761 3066 conditum
783 3007 846 3084 est,
878 3021 957 3086 quos
979 3009 1081 3067 aeto

69 3088 214 3174 cepimus
244 3087 395 3174 profugos
426 3087 466 3153 ob
497 3085 671 3153 discordias
700 3085 803 3152 civilis
832 3084 968 3150 navibus
996 3086 1030 3150 in

69 3197 126 3242 eos
149 3173 237 3240 locos
259 3177 402 3259 venisse;
426 3183 567 3239 ceterum
590 3175 685 3238 situm
707 3175 791 3237 inter
813 3171 891 3236 duas
914 3171 1029 3259 Syrtis,

69 3259 185 3356 quibus
207 3283 324 3326 nomen
347 3282 445 3325 exre
468 3260 612 3326 inditum.
655 3259 739 3325 Nam
760 3258 822 3323 duo
846 3266 920 3323 sunt
941 3258 1055 3325 sinuat

24 3369 58 3422 tt
66 3369 169 3437 prope
190 3348 226 3412 in
248 3355 392 3413 extrema
411 3346 537 3432 Africa,
559 3350 686 3435 inpares
708 3345 937 3431 magnitudine,
959 3343 1029 3432 pari

67 3443 201 3519 natura3
224 3454 357 3522 quorum
370 3455 527 3523 proxuma
541 3442 645 3500 terrae
655 3431 800 3524 praealta
814 3439 896 3516 sunt,
913 3439 1028 3518 eamn,

67 3518 925 3610 udiemtuhtaitaaiimliaintempestetevedose.
945 3515 1053 3589 Nam
