2520 3966
222 121 224 126 ’
322 167 553 240 evorurm
575 169 744 236 roa-ror
969 169 1031 240 roa

79 338 199 409 midiae
219 347 359 426 partem,
381 340 467 413 unde
486 340 732 427 rirluguruam
759 341 934 430 expulerit,
961 345 1074 416 loreto

80 421 161 490 belli
182 446 273 492 suam
300 425 431 511 houm,
461 449 533 494 eam
564 427 684 494 vastari
709 450 729 494 a
755 427 857 495 lilerio
889 430 956 516 pati
976 451 1030 496 ne

81 511 241 598 quivisse3
273 522 439 600 praeterea
474 513 579 578 missis
616 521 710 579 antea
737 513 871 580 Romam
907 515 1071 602 legatam

80 595 246 684 repulsum
265 598 307 663 ab
330 599 484 666 amicitia.
513 607 654 672 osterum
674 607 784 668 vetere
816 602 971 685 omittere,
993 623 1032 666 ao

53 693 166 788 etum,
202 684 315 771 siper
341 684 478 752 Marium
506 684 632 770 liceret,
662 685 786 772 legatos
814 685 856 752 ad
888 697 1031 752 senatum

82 790 262 836 mesanum.

146 854 250 940 Dein,
276 857 369 943 eopia
395 855 496 941 faeta,
533 857 656 928 animus
690 857 818 923 barbari
845 859 885 924 ab
921 859 1073 927 amioirtt

82 941 204 1025 flexus,
234 963 314 1029 quos
335 941 503 1030 Iugurtha,
534 944 661 1029 eoguite
689 943 848 1030 legatione
869 944 978 1012 Sullae
999 953 1032 1012 et

82 1026 185 1094 Manli
222 1037 366 1096 metuens
401 1028 437 1094 id
469 1028 555 1116 quod
585 1028 773 1116 parabatur,
803 1029 895 1096 donis
924 1053 1030 1098 eorru-

38 1131 73 1183 10
107 1122 185 1180 erat

83 1137 105 1202 p
147 1199 268 1266 Marius
289 1206 423 1284 interea,
447 1201 591 1268 exercita
618 1201 653 1266 in
680 1199 895 1267 hibernaculis
917 1219 1099 1290 corpo-tot

83 1287 162 1368 sito,
192 1308 265 1352 eum
294 1286 451 1373 expeditis
480 1285 662 1352 cohortibus
691 1296 841 1375 otperto
876 1290 1032 1376 equitatus

82 1371 295 1460 profieisoitur
315 1372 350 1436 in
371 1372 442 1439 loos
469 1372 538 1438 sola
573 1371 738 1438 obsessum
769 1375 880 1440 turrim
901 1376 1032 1460 regiam,

83 1481 148 1548 quo
163 1457 316 1544 Iugurtha
336 1457 487 1546 perfugas
509 1459 610 1524 omnis
631 1459 825 1546 praesidium
838 1461 1032 1547 inposuerat.

40 1555 72 1606 1⁵
149 1543 232 1610 Tum
253 1567 361 1610 riusus
383 1543 547 1628 Booohua,
577 1565 634 1610 seu
654 1545 830 1634 reputando
858 1568 939 1634 quae
972 1547 1058 1614 sibir

84 1628 208 1696 duobus
238 1630 370 1716 proeliis
398 1640 567 1716 venerant,
600 1653 658 1696 seu
685 1631 864 1698 admonitu·
891 1633 933 1698 ab
962 1633 1032 1698 aliis

7 1735 8 1746 ³
85 1716 197 1782 amieis
238 1737 317 1804 quos
345 1717 544 1804 incorruptos
572 1715 726 1804 Iugurtha
762 1717 955 1806 reliquerat,
991 1741 1033 1784 ex

85 1803 173 1868 omni
195 1803 288 1888 eopia
308 1805 563 1869 necessariorum
585 1805 662 1890 quin
683 1825 725 1868 ue
747 1803 876 1890 delegit,
900 1825 1032 1892 quorum

86 1896 119 1954 et
140 1887 221 1954 fides
243 1889 372 1974 oognita
394 1897 426 1954 et
447 1889 576 1975 ingenia
596 1888 661 1955 vali
686 1890 804 1955 'sauma
825 1892 939 1956 erant,
966 1889 1059 1958 ans

39 1973 127 2042 read
147 1973 292 2057 Marium,
315 1996 354 2040 ao
375 1973 458 2060 dein,
482 1975 510 2040 ai
531 1973 666 2061 placeat,
689 1974 821 2042 Romam
842 1975 964 2062 legatos
985 1977 1034 2041 ire

7 2071 9 2224 l
85 2058 184 2211 aqu,
207 2059 596 2212 ttthttffl
618 2082 815 2212 ,mue
831 2060 1059 2216 rhidilillr

7 2225 8 2242 ¹
86 2168 291 2300 Yillulberna
325 2169 540 2300 Romanorul
567 2169 827 2320 pmlhoisounthr,
862 2232 978 2298 deinde
999 2235 1033 2298 in

7 2349 9 2410 ς
86 2319 201 2384 itinere
223 2341 243 2384 a
264 2318 409 2386 Gaetulis
423 2317 598 2385 latronibus
613 2320 821 2384 onoumventi
836 2318 1034 2410 spoliatique,

7 2423 8 2494 l
43 2404 197 2492 rspavidi
237 2406 307 2473 sine
335 2404 451 2470 desere
479 2404 521 2470 ad
536 2403 675 2470 oSullam
710 2404 910 2491 profugiunt,
940 2427 1034 2493 quem

88 2489 199 2558 oonsul
228 2492 262 2556 in
291 2515 308 2557 e
356 2491 528 2557 editionem
560 2489 765 2577 proficiscens
819 2514 856 2558 ro
887 2500 1035 2578 praetore

7 2633 8 2640 ,
86 2575 272 2678 reliquerat.
352 2600 387 2644 os
416 2575 472 2642 ille
492 2599 557 2644 non
585 2598 643 2663 pro
672 2578 763 2642 vanis
795 2513 939 2643 hostibus
987 2578 1059 2644 utio

88 2664 194 2728 meriti
227 2672 330 2747 erant,
358 2661 416 2728 sed
444 2669 590 2727 aoourate
626 2683 664 2728 ao
695 2660 870 2728 liberaliter
903 2627 1034 2747 habuit3

89 2771 151 2836 qua
171 2771 207 2813 re
228 2747 355 2814 barbari
377 2757 409 2812 et
430 2747 546 2818 umam
566 2747 779 2813 Romanorum
806 2750 957 2814 avaritiae
978 2747 1034 2813 fal·

45 2857 167 2917 aesam,
191 2844 222 2900 et
244 2833 365 2900 Sullam
394 2833 435 2900 ob
463 2832 711 2898 munificentiam
736 2836 771 2898 in
803 2855 874 2900 sese
900 2837 1033 2900 amioum

88 2921 159 2986 rati.
208 2919 290 2986 Nam
319 2921 482 2984 etiamtum
514 2918 639 3006 largitio
675 2919 783 2986 multis
815 2922 924 3006 ignota
953 2927 1060 3004 erat3u

88 3004 256 3071 munificus
277 3027 371 3070 nemo
393 3004 570 3092 putabatur,
585 3005 648 3071 nisi
669 3008 788 3092 pariter
809 3005 930 3090 volens,
954 3005 1037 3073 dona

89 3092 196 3158 omnia
216 3092 250 3156 in
271 3091 346 3156 beni
392 3093 467 3157 'tate
493 3090 699 3156 habebantur.
750 3091 852 3178 Igitur
878 3093 1057 3180 quaestori·

89 3177 239 3242 mandata
265 3177 353 3242 Boeo
376 3177 383 3191 “
413 3176 623 3264 patefaciunt3
653 3177 747 3243 simul
776 3176 817 3242 ab
847 3199 884 3244 eo
913 3186 1034 3265 petunt,

48 3264 138 3335 etuti
167 3263 271 3329 fautor
299 3261 522 3352 oomulrorque
552 3262 614 3329 sibi
641 3263 742 3349 adsit3
772 3264 895 3351 copias,
928 3263 1034 3348 fidem,

90 3347 341 3436 magnitudinem
360 3349 446 3435 regis
469 3349 518 3416 eui
540 3358 572 3415 et
593 3347 669 3434 alia,
693 3370 774 3438 quae
795 3357 849 3416 ant
870 3348 962 3414 utilia
982 3356 1036 3414 aut

90 3433 326 3501 benivolentiae
359 3456 429 3504 ease
458 3435 631 3501 eredebant
638 3485 647 3520 ,
684 3436 825 3502 oratione
859 3433 1035 3518 extollunt;
