2520 3966
192 244 240 318 a
363 258 372 266 ··
485 224 714 318 treveren
735 219 863 317 Μ
980 247 982 250 ·
1082 243 1084 248 ·

195 421 270 508 luit,
293 420 480 511 Iugurtham
502 425 628 490 anxium
649 448 687 490 ac
701 420 906 492 miserantem
919 421 1062 492 fortunas
1088 447 1160 492 suas

196 508 336 594 accedit,
367 519 476 578 monet
498 518 593 600 atque
616 511 794 578 lacrumans
818 511 1009 598 olitestatur,
1038 519 1075 576 ut
1106 509 1161 577 ali-

197 595 322 680 quando
345 596 408 661 sibi
429 596 604 685 liberisque
627 605 658 662 et
702 600 768 663 enti
781 597 1005 683 Numidarum,
1029 605 1162 686 optume

198 683 347 765 merenti,
380 683 566 769 provideat:
600 622 746 750 omnilrus
775 680 906 773 proeliis
942 707 1013 751 sese
1045 684 1161 767 victos,

196 792 307 854 agrum
334 777 510 856 vastatum,
549 769 666 838 multos
703 771 847 838 mortalis
885 780 993 863 captos
1023 772 1188 854 occisos}
1242 783 1243 858 l

195 857 287 942 regni
309 877 385 942 opes
402 858 612 924 comminutas
629 880 717 944 esse3
741 859 817 925 satis
841 881 937 946 saepe
958 859 1022 923 iam
1045 865 1077 924 et
1096 857 1161 922 vir·
1242 861 1243 928 l

195 949 296 1006 tutem
317 941 706 1028 militum,etfort1mam
727 953 928 1033 temptatam:
956 952 1086 1012 caveat.
1119 963 1163 1008 ne
1242 945 1243 974 ³

171 1026 251 1092 ²illo
286 1036 454 1094 cunctante
475 1029 634 1096 Numidae
662 1031 725 1098 sibi
754 1030 929 1098 consulant.
973 1029 1034 1096 His
1063 1036 1164 1115 atque
1242 1027 1243 1112 l

195 1111 313 1179 talibus
343 1114 413 1180 aliis
447 1115 489 1182 ad
516 1115 713 1184 deditionem
741 1119 827 1204 regis
857 1119 996 1183 animum
1024 1115 1164 1206 inpellit.
1242 1131 1243 1208 ]

172 1199 364 1266 ³Mitt1mtur
385 1202 427 1268 ad
448 1204 672 1291 imperatorem
695 1204 810 1292 legati,
834 1205 889 1294 qui
902 1202 1087 1290 Iugurtham
1104 1205 1208 1296 im310

195 1295 306 1372 perata
326 1288 484 1354 sucurram
507 1289 665 1374 dicerent,
691 1314 729 1356 ae
751 1291 820 1356 sine
841 1289 908 1359 ulla
920 1289 1068 1377 pactione
1089 1311 1166 1354 sese

172 1381 392 1462 ‘regnumque
423 1397 516 1441 suum
541 1377 576 1441 in
603 1375 690 1442 illius
713 1375 811 1443 fidem
832 1373 968 1442 tradere.
1011 1371 1164 1441 Metellus

195 1480 330 1545 propere
354 1469 484 1527 cunctos
508 1464 659 1530 senatorii
681 1463 803 1530 ordinis
827 1486 863 1529 ex
883 1461 1026 1528 hibernis
1056 1482 1165 1544 accer-

196 1545 253 1609 siri
274 1545 382 1631 iubet,
406 1571 516 1615 eorum
537 1558 633 1638 atque
656 1550 806 1636 aliorum,
837 1572 915 1639 quos
944 1548 1077 1615 idoncos
1106 1545 1165 1613 du·
1242 1597 1243 1622 ,

170 1628 302 1715 scebat,
314 1633 494 1712 ,consilium
515 1635 622 1701 habet.
667 1636 719 1702 Ita
740 1659 830 1704 more
851 1637 1007 1702 maiorum
1029 1655 1065 1700 ex
1087 1649 1209 1704 con-1⁸

195 1715 248 1782 sili
270 1717 399 1786 decreto
428 1744 488 1809 per
517 1722 639 1809 legatos
669 1723 843 1810 Iugurthae
872 1724 1008 1809 imperat
1037 1722 1165 1807 argenti

194 1803 301 1891 pondo
330 1804 469 1873 ducenta
500 1809 605 1895 milia,
637 1808 687 1874 ele
711 1809 824 1875 hantos
854 1810 974 1894 omnis,
1009 1827 1166 1897 equorum

169 1899 227 1957 oct
249 1915 409 1960 armorum
431 1893 637 1982 aliquantum.
678 1833 769 1975 Noae
791 1903 961 1985 postquam
982 1894 1052 1988 sine
1074 1917 1170 1960 mora

195 1974 279 2045 faeta
310 1989 399 2066 sunt,
434 1981 524 2047 iubet
557 1985 660 2049 omnis
694 1982 845 2070 perfirgas
878 1979 1004 2048 vinctos
1036 1979 1168 2046 adduci.

174 2063 316 2132 tEorum
336 2091 454 2155 magna
492 2091 553 2153 ars,
575 2071 624 2134 uti
644 2070 772 2134 iussum
793 2076 876 2153 crat,
900 2067 1045 2150 adducti3
1067 2067 1209 2155 paucizo

197 2155 428 2240 cumprimum
474 2155 571 2222 editio
595 2157 716 2239 coeit,
745 2155 787 2221 ad
812 2177 923 2240 regem
943 2151 1110 2221 Bocchum
1131 2154 1169 2218 in
1242 2207 1243 2246 ,

171 2238 425 2306 tMauretaniam
448 2241 602 2308 abierant.
646 2179 752 2328 igitur
780 2239 950 2328 Iugurtha,
978 2238 1036 2304 ubi
1065 2239 1168 2306 armis
1242 2257 1243 2306 l

195 2327 337 2414 virisque
360 2336 392 2392 et
438 2331 551 2394 eounia
573 2327 729 2417 spoliatus
755 2339 820 2411 est,
849 2329 1013 2415 cumipse
1042 2324 1085 2391 ad
1107 2325 1168 2392 im·
1242 2321 1243 2376 l

195 2411 372 2497 perandum
394 2349 553 2480 ulsidium
575 2423 764 2498 vocaretur,
787 2437 896 2480 rursus
912 2414 1018 2500 coepit
1032 2409 1168 2478 flectere

196 2499 336 2564 animum
359 2521 451 2565 suum
474 2509 506 2566 et
529 2524 566 2566 ex
588 2501 673 2567 mala
696 2501 893 2567 conscientia
920 2500 1018 2586 digna
1038 2499 1167 2564 timere.
1178 2515 1207 2567 2⁵

171 2585 343 2672 uDenique
366 2585 475 2674 multis
498 2585 612 2653 diebus
634 2611 693 2676 per
710 2587 941 2653 dubitationem
956 2586 1167 2673 consumptis,

197 2693 268 2735 cum
297 2672 391 2738 modo
421 2672 527 2740 taedio
557 2697 667 2741 rerum
695 2673 904 2740 advorsarum
938 2672 1045 2738 omnia
1076 2667 1167 2737 bello

195 2757 320 2844 potiora
335 2757 474 2844 duceret,
490 2761 654 2827 interdum
666 2783 776 2826 secum
787 2761 858 2846 ipse
873 2765 1044 2846 reputaret,
1069 2779 1168 2845 quam
1242 2785 1243 2844 p

195 2845 303 2930 gravis
337 2867 429 2911 casus
464 2848 498 2912 in
528 2849 696 2914 servitium
727 2869 763 2912 ex
788 2867 888 2931 regno
922 2844 1019 2930 foret,
1054 2837 1167 2908 multis
1242 2851 1243 2934 l

195 2933 382 3080 mnpnisque
403 2933 575 3019 praesidiis
597 2936 791 3022 nequiquam
812 2931 946 3020 perditis
979 2929 1019 2996 de
1038 2930 1166 3016 integro
1177 2949 1207 3001 so

156 3016 316 3082 rubelum
339 3021 444 3083 sumit.
488 3019 532 3083 Et
554 3021 676 3086 Romae
699 3028 828 3085 senatus
845 3018 885 3084 de
899 3017 1073 3105 provinciis
1090 3038 1166 3082 con-

196 3103 297 3169 sultus
319 3103 503 3170 Numidiam
525 3105 657 3172 Metello
681 3106 878 3172 decreverat.

142 3202 185 3260 08
259 3189 323 3256 Per
343 3192 430 3256 idem
451 3201 518 3257 tem
542 3216 580 3257 us
602 3193 716 3260 Vticae
745 3193 827 3258 forte
857 3191 938 3256 Gaio
959 3189 1076 3275 Mario,
1104 3211 1167 3276 per

195 3275 315 3343 hostias
338 3277 407 3342 deis
430 3215 641 3427 supplicanti,
665 3302 695 3343 m
803 3285 897 3366 atque
911 3275 1071 3360 mirabilia
1115 3297 1165 3342 or-

195 3363 284 3429 tandi
306 3385 439 3451 aruspex
483 3364 600 3430 ixerat:
622 3301 781 3452 proffipp
796 3387 877 3456 quae
892 3365 996 3430 animo
1012 3297 1204 3450 agitalatm

195 3447 295 3514 fretus
318 3449 387 3515 deis
416 3459 544 3536 ageret,
576 3450 736 3517 fortunam
770 3473 865 3537 quam
894 3450 1091 3537 saepissume
1114 3470 1163 3512 ex·

171 3535 367 3618 aperiretur,
401 3541 515 3604 cuncta
539 3559 692 3624 prospere
716 3546 877 3602 eventura.
922 3535 966 3599 At
987 3533 1077 3600 illum
1098 3533 1163 3598 iam
