<?xml version="1.0" encoding="UTF-8"?>
<!DOCTYPE html PUBLIC "-//W3C//DTD XHTML 1.0 Transitional//EN"
    "http://www.w3.org/TR/xhtml1/DTD/xhtml1-transitional.dtd">
<html xmlns="http://www.w3.org/1999/xhtml" xml:lang="en" lang="en">
 <head>
  <title>
</title>
<meta http-equiv="Content-Type" content="text/html;charset=utf-8" />
  <meta name='ocr-system' content='tesseract 3.04.00' />
  <meta name='ocr-capabilities' content='ocr_page ocr_carea ocr_par ocr_line ocrx_word'/>
</head>
<body>
  <div class='ocr_page' id='page_1' title='image "./catilinaiugurth00linkgoog_0173.png"; bbox 0 0 2520 3966; ppageno 0'>
   <div class='ocr_carea' id='block_1_1' title="bbox 180 300 1138 563">
    <p class='ocr_par' dir='ltr' id='par_1_1' title="bbox 180 300 1253 648">
     <span class='ocr_line' id='line_1_1' title="bbox 182 300 859 368; baseline 0.001 -2"><span class='ocrx_word' id='word_1_1' title='bbox 182 301 243 368; x_wconf 77' lang='lat'><strong>144</strong></span> <span class='ocrx_word' id='word_1_2' title='bbox 457 300 672 368; x_wconf 78' lang='lat' dir='ltr'>EPISTVLA</span> <span class='ocrx_word' id='word_1_3' title='bbox 692 300 859 368; x_wconf 78' lang='lat' dir='ltr'>POMPEI</span> 
     </span>
     <span class='ocr_line' id='line_1_2' title="bbox 180 471 1138 563; baseline -0.003 -20"><span class='ocrx_word' id='word_1_4' title='bbox 180 475 298 543; x_wconf 82' lang='lat' dir='ltr'><strong>deinde</strong></span> <span class='ocrx_word' id='word_1_5' title='bbox 329 472 451 563; x_wconf 82' lang='lat' dir='ltr'><strong>proelio</strong></span> <span class='ocrx_word' id='word_1_6' title='bbox 483 483 538 541; x_wconf 81' lang='lat' dir='ltr'><strong>eut</strong></span> <span class='ocrx_word' id='word_1_7' title='bbox 570 472 787 561; x_wconf 74' lang='lat' dir='ltr'><strong>expeditiones</strong></span> <span class='ocrx_word' id='word_1_8' title='bbox 819 471 986 558; x_wconf 72' lang='lat' dir='ltr'><strong>hibernus,</strong></span> <span class='ocrx_word' id='word_1_9' title='bbox 1020 473 1138 562; x_wconf 67' lang='lat' dir='ltr'><strong>oppidu</strong></span> 
     </span>
    </p>
   </div>
   <div class='ocr_carea' id='block_1_2' title="bbox 121 558 1256 2360">
    <p class='ocr_par' dir='ltr' id='par_1_2' title="bbox 158 558 1163 1076">
     <span class='ocr_line' id='line_1_3' title="bbox 181 558 1138 652; baseline 0.001 -26"><span class='ocrx_word' id='word_1_10' title='bbox 181 561 290 628; x_wconf 81' lang='lat' dir='ltr'><strong>excise</strong></span> <span class='ocrx_word' id='word_1_11' title='bbox 311 570 366 628; x_wconf 80' lang='lat' dir='ltr'><strong>eut</strong></span> <span class='ocrx_word' id='word_1_12' title='bbox 386 567 516 652; x_wconf 75' lang='lat' dir='ltr'><strong>recepte</strong></span> <span class='ocrx_word' id='word_1_13' title='bbox 537 558 742 629; x_wconf 75' lang='lat' dir='ltr'><strong>enumerem?</strong></span> <span class='ocrx_word' id='word_1_14' title='bbox 764 560 891 650; x_wconf 77' lang='lat' dir='ltr'><strong>quondo</strong></span> <span class='ocrx_word' id='word_1_15' title='bbox 913 582 966 625; x_wconf 83' lang='lat' dir='ltr'><strong>res</strong></span> <span class='ocrx_word' id='word_1_16' title='bbox 987 559 1060 648; x_wconf 86' lang='lat' dir='ltr'><strong>pius</strong></span> <span class='ocrx_word' id='word_1_17' title='bbox 1080 582 1138 627; x_wconf 75' lang='lat' dir='ltr'><strong>ve·</strong></span> 
     </span>
     <span class='ocr_line' id='line_1_4' title="bbox 181 643 1137 735; baseline 0.004 -25"><span class='ocrx_word' id='word_1_18' title='bbox 181 646 226 712; x_wconf 87' lang='lat' dir='ltr'><strong>let</strong></span> <span class='ocrx_word' id='word_1_19' title='bbox 247 667 342 735; x_wconf 81' lang='lat' dir='ltr'><strong>quern</strong></span> <span class='ocrx_word' id='word_1_20' title='bbox 374 645 484 713; x_wconf 73' lang='lat' dir='ltr'><strong>verbe</strong></span> <span class='ocrx_word' id='word_1_21' title='bbox 540 643 654 710; x_wconf 76' lang='lat' dir='ltr'><strong>cestre</strong></span> <span class='ocrx_word' id='word_1_22' title='bbox 678 645 817 714; x_wconf 86' lang='lat' dir='ltr'><strong>hostium</strong></span> <span class='ocrx_word' id='word_1_23' title='bbox 850 645 934 733; x_wconf 77' lang='lat' dir='ltr'><strong>apud</strong></span> <span class='ocrx_word' id='word_1_24' title='bbox 960 645 1137 714; x_wconf 81' lang='lat' dir='ltr'><strong>Sucronem</strong></span> 
     </span>
     <span class='ocr_line' id='line_1_5' title="bbox 182 729 1138 836; baseline -0.001 -38"><span class='ocrx_word' id='word_1_25' title='bbox 182 741 274 818; x_wconf 85' lang='lat' dir='ltr'><strong>cepte</strong></span> <span class='ocrx_word' id='word_1_26' title='bbox 295 741 327 801; x_wconf 92' lang='lat' dir='ltr'><strong>et</strong></span> <span class='ocrx_word' id='word_1_27' title='bbox 347 731 502 821; x_wconf 91' lang='lat' dir='ltr'><strong>proelium</strong></span> <span class='ocrx_word' id='word_1_28' title='bbox 524 730 610 836; x_wconf 80' lang='lat' dir='ltr'><strong>apud</strong></span> <span class='ocrx_word' id='word_1_29' title='bbox 630 729 749 798; x_wconf 88' lang='lat' dir='ltr'><strong>ssumen</strong></span> <span class='ocrx_word' id='word_1_30' title='bbox 768 730 900 798; x_wconf 64' lang='lat' dir='ltr'><strong>nuum</strong></span> <span class='ocrx_word' id='word_1_31' title='bbox 922 740 954 796; x_wconf 90' lang='lat' dir='ltr'><strong>et</strong></span> <span class='ocrx_word' id='word_1_32' title='bbox 976 732 1042 800; x_wconf 84' lang='lat' dir='ltr'><strong>dux</strong></span> <span class='ocrx_word' id='word_1_33' title='bbox 1062 732 1138 798; x_wconf 86' lang='lat' dir='ltr'><strong>hos-</strong></span> 
     </span>
     <span class='ocr_line' id='line_1_6' title="bbox 181 813 1163 887; baseline 0.006 -6"><span class='ocrx_word' id='word_1_34' title='bbox 181 817 260 883; x_wconf 89' lang='lat' dir='ltr'><strong>tium</strong></span> <span class='ocrx_word' id='word_1_35' title='bbox 283 817 383 885; x_wconf 82' lang='lat' dir='ltr'><strong>Gaius</strong></span> <span class='ocrx_word' id='word_1_36' title='bbox 404 817 587 882; x_wconf 85' lang='lat' dir='ltr'><strong>Hercnmus</strong></span> <span class='ocrx_word' id='word_1_37' title='bbox 614 839 688 884; x_wconf 90' lang='lat' dir='ltr'><strong>cum</strong></span> <span class='ocrx_word' id='word_1_38' title='bbox 714 813 794 885; x_wconf 83' lang='lat' dir='ltr'><strong>urbe</strong></span> <span class='ocrx_word' id='word_1_39' title='bbox 816 815 964 885; x_wconf 75' lang='lat' dir='ltr'><strong>Valentia</strong></span> <span class='ocrx_word' id='word_1_40' title='bbox 992 827 1025 885; x_wconf 86' lang='lat' dir='ltr'><strong>et</strong></span> <span class='ocrx_word' id='word_1_41' title='bbox 1046 840 1163 887; x_wconf 81' lang='lat' dir='ltr'><strong>exer-s</strong></span> 
     </span>
     <span class='ocr_line' id='line_1_7' title="bbox 182 901 1139 1054; baseline 0.002 -88"><span class='ocrx_word' id='word_1_42' title='bbox 182 903 245 968; x_wconf 91' lang='lat' dir='ltr'><strong>citu</strong></span> <span class='ocrx_word' id='word_1_43' title='bbox 269 903 365 969; x_wconf 89' lang='lat' dir='ltr'><strong>deleti</strong></span> <span class='ocrx_word' id='word_1_44' title='bbox 387 904 464 969; x_wconf 87' lang='lat' dir='ltr'><strong>setis</strong></span> <span class='ocrx_word' id='word_1_45' title='bbox 487 901 573 969; x_wconf 81' lang='lat' dir='ltr'><strong>clere</strong></span> <span class='ocrx_word' id='word_1_46' title='bbox 594 903 686 971; x_wconf 88' lang='lat' dir='ltr'><strong>vobis</strong></span> <span class='ocrx_word' id='word_1_47' title='bbox 710 913 804 970; x_wconf 84' lang='lat' dir='ltr'><strong>sunt:</strong></span> <span class='ocrx_word' id='word_1_48' title='bbox 826 925 886 1006; x_wconf 89' lang='lat' dir='ltr'><strong>pro</strong></span> <span class='ocrx_word' id='word_1_49' title='bbox 908 904 989 1054; x_wconf 62' lang='lat' dir='ltr'><strong>opis,</strong></span> <span class='ocrx_word' id='word_1_50' title='bbox 1012 926 1031 971; x_wconf 96' lang='lat' dir='ltr'><strong>o</strong></span> <span class='ocrx_word' id='word_1_51' title='bbox 1053 904 1139 992; x_wconf 85' lang='lat' dir='ltr'><strong>greti</strong></span> 
     </span>
     <span class='ocr_line' id='line_1_8' title="bbox 158 988 1138 1076; baseline 0.002 -21"><span class='ocrx_word' id='word_1_52' title='bbox 158 999 303 1075; x_wconf 70' lang='lat' dir='ltr'><strong>spanos,</strong></span> <span class='ocrx_word' id='word_1_53' title='bbox 338 997 513 1076; x_wconf 78' lang='lat' dir='ltr'><strong>egestatem</strong></span> <span class='ocrx_word' id='word_1_54' title='bbox 534 997 567 1055; x_wconf 92' lang='lat' dir='ltr'><strong>et</strong></span> <span class='ocrx_word' id='word_1_55' title='bbox 587 988 705 1055; x_wconf 78' lang='lat' dir='ltr'><strong>semem</strong></span> <span class='ocrx_word' id='word_1_56' title='bbox 725 989 870 1057; x_wconf 76' lang='lat' dir='ltr'><strong>redditis.</strong></span> <span class='ocrx_word' id='word_1_57' title='bbox 995 1012 1036 1057; x_wconf 89' lang='lat' dir='ltr'><strong>ue</strong></span> <span class='ocrx_word' id='word_1_58' title='bbox 1063 1012 1138 1056; x_wconf 92' lang='lat' dir='ltr'><strong>meo</strong></span> 
     </span>
    </p>

    <p class='ocr_par' dir='ltr' id='par_1_3' title="bbox 181 1073 1180 1334">
     <span class='ocr_line' id='line_1_9' title="bbox 182 1073 1140 1166; baseline 0.003 -27"><span class='ocrx_word' id='word_1_59' title='bbox 182 1085 214 1139; x_wconf 88' lang='lat' dir='ltr'><strong>et</strong></span> <span class='ocrx_word' id='word_1_60' title='bbox 246 1073 384 1141; x_wconf 87' lang='lat' dir='ltr'><strong>hostium</strong></span> <span class='ocrx_word' id='word_1_61' title='bbox 422 1075 577 1141; x_wconf 85' lang='lat' dir='ltr'><strong>exercitui</strong></span> <span class='ocrx_word' id='word_1_62' title='bbox 613 1097 673 1162; x_wconf 86' lang='lat' dir='ltr'><strong>per</strong></span> <span class='ocrx_word' id='word_1_63' title='bbox 710 1075 854 1142; x_wconf 84' lang='lat' dir='ltr'><strong>condicio</strong></span> <span class='ocrx_word' id='word_1_64' title='bbox 891 1085 961 1160; x_wconf 79' lang='lat' dir='ltr'><strong>est3</strong></span> <span class='ocrx_word' id='word_1_65' title='bbox 997 1098 1140 1166; x_wconf 88' lang='lat' dir='ltr'><strong>nemque</strong></span> 
     </span>
     <span class='ocr_line' id='line_1_10' title="bbox 183 1160 1140 1249; baseline 0.004 -25"><span class='ocrx_word' id='word_1_66' title='bbox 183 1161 375 1246; x_wconf 79' lang='lat' dir='ltr'><strong>stipendium</strong></span> <span class='ocrx_word' id='word_1_67' title='bbox 396 1163 501 1227; x_wconf 86' lang='lat' dir='ltr'><strong>neutri</strong></span> <span class='ocrx_word' id='word_1_68' title='bbox 524 1160 631 1226; x_wconf 85' lang='lat' dir='ltr'><strong>detur:</strong></span> <span class='ocrx_word' id='word_1_69' title='bbox 658 1162 763 1227; x_wconf 87' lang='lat' dir='ltr'><strong>victor</strong></span> <span class='ocrx_word' id='word_1_70' title='bbox 789 1171 923 1249; x_wconf 89' lang='lat' dir='ltr'><strong>uterque</strong></span> <span class='ocrx_word' id='word_1_71' title='bbox 950 1163 985 1226; x_wconf 95' lang='lat' dir='ltr'><strong>in</strong></span> <span class='ocrx_word' id='word_1_72' title='bbox 1010 1162 1140 1228; x_wconf 83' lang='lat' dir='ltr'><strong>Italiam</strong></span> 
     </span>
     <span class='ocr_line' id='line_1_11' title="bbox 181 1246 1180 1334; baseline 0.006 -22"><span class='ocrx_word' id='word_1_73' title='bbox 181 1246 294 1312; x_wconf 85' lang='lat' dir='ltr'><strong>venire</strong></span> <span class='ocrx_word' id='word_1_74' title='bbox 314 1256 430 1334; x_wconf 88' lang='lat' dir='ltr'><strong>potest.</strong></span> <span class='ocrx_word' id='word_1_75' title='bbox 1151 1269 1180 1320; x_wconf 86' lang='lat' dir='ltr'><strong>to</strong></span> 
     </span>
    </p>

    <p class='ocr_par' dir='ltr' id='par_1_4' title="bbox 162 1330 1140 1423">
     <span class='ocr_line' id='line_1_12' title="bbox 162 1330 1140 1423; baseline -0.001 -22"><span class='ocrx_word' id='word_1_76' title='bbox 162 1352 171 1401; x_wconf 77' lang='lat' dir='ltr'><strong>t</strong></span> <span class='ocrx_word' id='word_1_77' title='bbox 246 1330 342 1411; x_wconf 81' lang='lat' dir='ltr'><strong>Quod</strong></span> <span class='ocrx_word' id='word_1_78' title='bbox 363 1355 423 1419; x_wconf 85' lang='lat' dir='ltr'><strong>ego</strong></span> <span class='ocrx_word' id='word_1_79' title='bbox 444 1355 502 1400; x_wconf 82' lang='lat' dir='ltr'><strong>vos</strong></span> <span class='ocrx_word' id='word_1_80' title='bbox 525 1355 638 1400; x_wconf 89' lang='lat' dir='ltr'><strong>moneo</strong></span> <span class='ocrx_word' id='word_1_81' title='bbox 666 1356 849 1423; x_wconf 84' lang='lat' dir='ltr'><strong>quaesoque</strong></span> <span class='ocrx_word' id='word_1_82' title='bbox 875 1343 911 1400; x_wconf 93' lang='lat' dir='ltr'><strong>ut</strong></span> <span class='ocrx_word' id='word_1_83' title='bbox 937 1335 1140 1402; x_wconf 79' lang='lat' dir='ltr'><strong>animadvor-</strong></span> 
     </span>
    </p>

    <p class='ocr_par' dir='ltr' id='par_1_5' title="bbox 157 1418 1255 1850">
     <span class='ocr_line' id='line_1_13' title="bbox 182 1418 1255 1546; baseline 0.007 -66"><span class='ocrx_word' id='word_1_84' title='bbox 182 1418 265 1502; x_wconf 85' lang='lat' dir='ltr'><strong>tatis,</strong></span> <span class='ocrx_word' id='word_1_85' title='bbox 289 1439 352 1484; x_wconf 91' lang='lat' dir='ltr'><strong>neu</strong></span> <span class='ocrx_word' id='word_1_86' title='bbox 376 1419 495 1506; x_wconf 85' lang='lat' dir='ltr'><strong>cogetis</strong></span> <span class='ocrx_word' id='word_1_87' title='bbox 518 1419 763 1485; x_wconf 83' lang='lat' dir='ltr'><strong>necessitatibus</strong></span> <span class='ocrx_word' id='word_1_88' title='bbox 791 1420 938 1507; x_wconf 83' lang='lat' dir='ltr'><strong>privatim</strong></span> <span class='ocrx_word' id='word_1_89' title='bbox 964 1421 1040 1488; x_wconf 87' lang='lat' dir='ltr'><strong>mihi</strong></span> <span class='ocrx_word' id='word_1_90' title='bbox 1064 1445 1140 1488; x_wconf 91' lang='lat' dir='ltr'><strong>con-</strong></span> <span class='ocrx_word' id='word_1_91' title='bbox 1254 1464 1255 1546; x_wconf 49' lang='lat' dir='ltr'><strong>p</strong></span> 
     </span>
     <span class='ocr_line' id='line_1_14' title="bbox 157 1501 1255 1593; baseline 0 -21"><span class='ocrx_word' id='word_1_92' title='bbox 157 1501 296 1572; x_wconf 81' lang='lat' dir='ltr'><strong>esulcre.</strong></span> <span class='ocrx_word' id='word_1_93' title='bbox 341 1503 530 1592; x_wconf 85' lang='lat' dir='ltr'><strong>Hispaniam</strong></span> <span class='ocrx_word' id='word_1_94' title='bbox 554 1505 745 1590; x_wconf 84' lang='lat' dir='ltr'><strong>citeriorem,</strong></span> <span class='ocrx_word' id='word_1_95' title='bbox 775 1529 858 1593; x_wconf 83' lang='lat' dir='ltr'><strong>ques</strong></span> <span class='ocrx_word' id='word_1_96' title='bbox 883 1528 948 1572; x_wconf 91' lang='lat' dir='ltr'><strong>non</strong></span> <span class='ocrx_word' id='word_1_97' title='bbox 970 1507 1009 1571; x_wconf 88' lang='lat' dir='ltr'><strong>eb</strong></span> <span class='ocrx_word' id='word_1_98' title='bbox 1037 1506 1140 1574; x_wconf 87' lang='lat' dir='ltr'><strong>hosti·</strong></span> <span class='ocrx_word' id='word_1_99' title='bbox 1254 1553 1255 1558; x_wconf 20' lang='grc' dir='ltr'>η</span> 
     </span>
     <span class='ocr_line' id='line_1_15' title="bbox 182 1587 1141 1675; baseline 0.006 -22"><span class='ocrx_word' id='word_1_100' title='bbox 182 1587 242 1656; x_wconf 87' lang='lat' dir='ltr'><strong>bus</strong></span> <span class='ocrx_word' id='word_1_101' title='bbox 274 1598 415 1675; x_wconf 82' lang='lat' dir='ltr'><strong>tenetur,</strong></span> <span class='ocrx_word' id='word_1_102' title='bbox 448 1613 507 1658; x_wconf 86' lang='lat' dir='ltr'><strong>nos</strong></span> <span class='ocrx_word' id='word_1_103' title='bbox 540 1600 596 1658; x_wconf 82' lang='lat' dir='ltr'><strong>eut</strong></span> <span class='ocrx_word' id='word_1_104' title='bbox 622 1591 782 1656; x_wconf 84' lang='lat' dir='ltr'><strong>Sertorius</strong></span> <span class='ocrx_word' id='word_1_105' title='bbox 815 1592 856 1656; x_wconf 84' lang='lat' dir='ltr'><strong>ad</strong></span> <span class='ocrx_word' id='word_1_106' title='bbox 888 1594 1141 1660; x_wconf 84' lang='lat' dir='ltr'><strong>internecionem</strong></span> 
     </span>
     <span class='ocr_line' id='line_1_16' title="bbox 181 1676 1180 1762; baseline 0.004 -20"><span class='ocrx_word' id='word_1_107' title='bbox 181 1676 377 1742; x_wconf 74' lang='lat' dir='ltr'><strong>vastavimus</strong></span> <span class='ocrx_word' id='word_1_108' title='bbox 399 1687 527 1762; x_wconf 77' lang='lat' dir='ltr'><strong>praeter</strong></span> <span class='ocrx_word' id='word_1_109' title='bbox 548 1678 732 1742; x_wconf 80' lang='lat' dir='ltr'><strong>maritumas</strong></span> <span class='ocrx_word' id='word_1_110' title='bbox 755 1678 915 1762; x_wconf 73' lang='lat' dir='ltr'><strong>civitates,</strong></span> <span class='ocrx_word' id='word_1_111' title='bbox 937 1678 1020 1744; x_wconf 89' lang='lat' dir='ltr'><strong>ultro</strong></span> <span class='ocrx_word' id='word_1_112' title='bbox 1042 1679 1140 1746; x_wconf 89' lang='lat' dir='ltr'><strong>nobie</strong></span> <span class='ocrx_word' id='word_1_113' title='bbox 1151 1697 1180 1750; x_wconf 78' lang='lat'><strong>15</strong></span> 
     </span>
     <span class='ocr_line' id='line_1_17' title="bbox 183 1761 1140 1850; baseline 0.005 -25"><span class='ocrx_word' id='word_1_114' title='bbox 183 1762 323 1849; x_wconf 90' lang='lat' dir='ltr'><strong>sumptui</strong></span> <span class='ocrx_word' id='word_1_115' title='bbox 355 1764 517 1850; x_wconf 82' lang='lat' dir='ltr'><strong>onerique.</strong></span> <span class='ocrx_word' id='word_1_116' title='bbox 570 1761 675 1828; x_wconf 82' lang='lat' dir='ltr'><strong>Gellia</strong></span> <span class='ocrx_word' id='word_1_117' title='bbox 708 1765 871 1848; x_wconf 82' lang='lat' dir='ltr'><strong>superiore</strong></span> <span class='ocrx_word' id='word_1_118' title='bbox 903 1787 985 1830; x_wconf 89' lang='lat' dir='ltr'><strong>enno</strong></span> <span class='ocrx_word' id='word_1_119' title='bbox 1014 1764 1140 1830; x_wconf 86' lang='lat' dir='ltr'><strong>Metelli</strong></span> 
     </span>
    </p>

    <p class='ocr_par' dir='ltr' id='par_1_6' title="bbox 121 1847 1140 1950">
     <span class='ocr_line' id='line_1_18' title="bbox 121 1847 1140 1950; baseline 0.003 -38"><span class='ocrx_word' id='word_1_120' title='bbox 121 1875 123 1882; x_wconf 55' lang='lat'><strong>⁴</strong></span> <span class='ocrx_word' id='word_1_121' title='bbox 184 1849 358 1914; x_wconf 86' lang='lat' dir='ltr'><strong>exercitum</strong></span> <span class='ocrx_word' id='word_1_122' title='bbox 383 1848 540 1950; x_wconf 87' lang='lat' dir='ltr'><strong>stipendio</strong></span> <span class='ocrx_word' id='word_1_123' title='bbox 561 1847 785 1934; x_wconf 82' lang='lat' dir='ltr'><strong>frumentoque</strong></span> <span class='ocrx_word' id='word_1_124' title='bbox 812 1848 890 1914; x_wconf 76' lang='lat' dir='ltr'><strong>elusit</strong></span> <span class='ocrx_word' id='word_1_125' title='bbox 912 1859 944 1914; x_wconf 87' lang='lat' dir='ltr'><strong>et</strong></span> <span class='ocrx_word' id='word_1_126' title='bbox 964 1872 1049 1914; x_wconf 88' lang='lat' dir='ltr'><strong>nunc</strong></span> <span class='ocrx_word' id='word_1_127' title='bbox 1072 1874 1140 1916; x_wconf 80' lang='lat' dir='ltr'><strong>me·</strong></span> 
     </span>
    </p>

    <p class='ocr_par' dir='ltr' id='par_1_7' title="bbox 146 1931 1140 2108">
     <span class='ocr_line' id='line_1_19' title="bbox 183 1931 1140 2022; baseline 0.006 -26"><span class='ocrx_word' id='word_1_128' title='bbox 183 1931 222 1997; x_wconf 86' lang='lat' dir='ltr'><strong>lie</strong></span> <span class='ocrx_word' id='word_1_129' title='bbox 244 1932 398 2000; x_wconf 81' lang='lat' dir='ltr'><strong>fructibus</strong></span> <span class='ocrx_word' id='word_1_130' title='bbox 420 1956 492 2022; x_wconf 78' lang='lat' dir='ltr'><strong>lpse</strong></span> <span class='ocrx_word' id='word_1_131' title='bbox 512 1934 568 2000; x_wconf 82' lang='lat' dir='ltr'><strong>vix</strong></span> <span class='ocrx_word' id='word_1_132' title='bbox 591 1933 699 2019; x_wconf 79' lang='lat' dir='ltr'><strong>agitet.</strong></span> <span class='ocrx_word' id='word_1_133' title='bbox 750 1932 820 2021; x_wconf 82' lang='lat' dir='ltr'><strong>Ego</strong></span> <span class='ocrx_word' id='word_1_134' title='bbox 842 1956 906 2000; x_wconf 90' lang='lat' dir='ltr'><strong>non</strong></span> <span class='ocrx_word' id='word_1_135' title='bbox 933 1957 1001 1999; x_wconf 88' lang='lat' dir='ltr'><strong>rem</strong></span> <span class='ocrx_word' id='word_1_136' title='bbox 1024 1934 1140 2002; x_wconf 76' lang='lat' dir='ltr'><strong>fenili-</strong></span> 
     </span>
     <span class='ocr_line' id='line_1_20' title="bbox 146 2017 1140 2108; baseline 0.005 -26"><span class='ocrx_word' id='word_1_137' title='bbox 146 2033 271 2083; x_wconf 69' lang='lat' dir='ltr'><strong>roerem</strong></span> <span class='ocrx_word' id='word_1_138' title='bbox 293 2020 397 2103; x_wconf 89' lang='lat' dir='ltr'><strong>modo,</strong></span> <span class='ocrx_word' id='word_1_139' title='bbox 425 2041 537 2086; x_wconf 85' lang='lat' dir='ltr'><strong>verum</strong></span> <span class='ocrx_word' id='word_1_140' title='bbox 564 2019 659 2084; x_wconf 85' lang='lat' dir='ltr'><strong>etiem</strong></span> <span class='ocrx_word' id='word_1_141' title='bbox 684 2017 781 2084; x_wconf 85' lang='lat' dir='ltr'><strong>iidem</strong></span> <span class='ocrx_word' id='word_1_142' title='bbox 808 2022 997 2108; x_wconf 80' lang='lat' dir='ltr'><strong>consumpsi.</strong></span> <span class='ocrx_word' id='word_1_143' title='bbox 1051 2020 1140 2087; x_wconf 82' lang='lat' dir='ltr'><strong>Reli·</strong></span> 
     </span>
    </p>

    <p class='ocr_par' dir='ltr' id='par_1_8' title="bbox 183 2103 1256 2360">
     <span class='ocr_line' id='line_1_21' title="bbox 183 2103 1180 2258; baseline 0.004 -88"><span class='ocrx_word' id='word_1_144' title='bbox 183 2104 238 2191; x_wconf 91' lang='lat' dir='ltr'><strong>qui</strong></span> <span class='ocrx_word' id='word_1_145' title='bbox 261 2126 318 2170; x_wconf 87' lang='lat' dir='ltr'><strong>vos</strong></span> <span class='ocrx_word' id='word_1_146' title='bbox 342 2106 439 2170; x_wconf 85' lang='lat' dir='ltr'><strong>estis:</strong></span> <span class='ocrx_word' id='word_1_147' title='bbox 464 2106 519 2193; x_wconf 90' lang='lat' dir='ltr'><strong>qui</strong></span> <span class='ocrx_word' id='word_1_148' title='bbox 540 2105 604 2170; x_wconf 88' lang='lat' dir='ltr'><strong>nisi</strong></span> <span class='ocrx_word' id='word_1_149' title='bbox 626 2103 812 2188; x_wconf 85' lang='lat' dir='ltr'><strong>subvenitis,</strong></span> <span class='ocrx_word' id='word_1_150' title='bbox 836 2107 936 2172; x_wconf 88' lang='lat' dir='ltr'><strong>invito</strong></span> <span class='ocrx_word' id='word_1_151' title='bbox 958 2115 990 2172; x_wconf 87' lang='lat' dir='ltr'><strong>et</strong></span> <span class='ocrx_word' id='word_1_152' title='bbox 1011 2107 1180 2258; x_wconf 71' lang='lat' dir='ltr'><strong>praedi-zo</strong></span> 
     </span>
     <span class='ocr_line' id='line_1_22' title="bbox 183 2189 1138 2259; baseline 0.007 -7"><span class='ocrx_word' id='word_1_153' title='bbox 183 2197 274 2253; x_wconf 86' lang='lat' dir='ltr'><strong>cente</strong></span> <span class='ocrx_word' id='word_1_154' title='bbox 306 2212 358 2256; x_wconf 90' lang='lat' dir='ltr'><strong>me</strong></span> <span class='ocrx_word' id='word_1_155' title='bbox 391 2191 550 2258; x_wconf 87' lang='lat' dir='ltr'><strong>exercitus</strong></span> <span class='ocrx_word' id='word_1_156' title='bbox 581 2189 657 2254; x_wconf 91' lang='lat' dir='ltr'><strong>hinc</strong></span> <span class='ocrx_word' id='word_1_157' title='bbox 679 2198 805 2256; x_wconf 86' lang='lat' dir='ltr'><strong>etcum</strong></span> <span class='ocrx_word' id='word_1_158' title='bbox 831 2212 868 2258; x_wconf 89' lang='lat' dir='ltr'><strong>eo</strong></span> <span class='ocrx_word' id='word_1_159' title='bbox 891 2213 985 2258; x_wconf 88' lang='lat' dir='ltr'><strong>omne</strong></span> <span class='ocrx_word' id='word_1_160' title='bbox 1039 2191 1138 2259; x_wconf 91' lang='lat' dir='ltr'><strong>ellum</strong></span> 
     </span>
     <span class='ocr_line' id='line_1_23' title="bbox 184 2273 1256 2360; baseline 0.007 -23"><span class='ocrx_word' id='word_1_161' title='bbox 184 2273 357 2360; x_wconf 76' lang='lat' dir='ltr'><strong>Hispaniae</strong></span> <span class='ocrx_word' id='word_1_162' title='bbox 378 2276 412 2341; x_wconf 91' lang='lat' dir='ltr'><strong>in</strong></span> <span class='ocrx_word' id='word_1_163' title='bbox 433 2274 558 2342; x_wconf 81' lang='lat' dir='ltr'><strong>Iteliem</strong></span> <span class='ocrx_word' id='word_1_164' title='bbox 581 2274 863 2360; x_wconf 71' lang='lat' dir='ltr'><strong>transgredientem.</strong></span> <span class='ocrx_word' id='word_1_165' title='bbox 1255 2295 1256 2308; x_wconf 64' lang='lat'>¹</span> 
     </span>
    </p>
   </div>
   <div class='ocr_carea' id='block_1_3' title="bbox 0 0 1264 3966">
    <p class='ocr_par' dir='ltr' id='par_1_9' title="bbox 0 0 1264 3966">
     <span class='ocr_line' id='line_1_24' title="bbox 0 0 1264 3966; baseline 0 0"><span class='ocrx_word' id='word_1_166' title='bbox 0 0 1264 3966; x_wconf 95' lang='lat' dir='ltr'><strong> </strong></span> 
     </span>
    </p>
   </div>
  </div>
 </body>
</html>
