2494 3974
167 233 230 297 138
447 229 610 296 ORATIO
633 229 822 294 PfflLIPPl

164 404 266 492 princi
286 405 326 490 io,
350 427 422 473 oum
443 403 606 470 Etruriam
634 403 815 487 coniurare,
844 403 1036 490 proscriptos
1059 425 1111 468 ao

164 492 255 576 cersi,
327 489 497 580 gitionibus
519 513 588 556 rem
608 488 768 577 publicam
793 489 931 555 lacerari
951 487 1110 573 videbam,

163 577 387 643 maturandum
414 575 566 664 putabam
594 585 626 641 et
648 575 754 642 Catuli
781 575 913 642 consilia
941 597 1013 640 cum
1032 597 1112 661 pau·

164 664 208 727 cis
231 673 357 729 secutus
380 685 459 729 sum.
504 661 654 728 Oetsmm
673 661 730 747 illi,
753 663 809 750 qui
829 661 932 750 gentis
953 660 1111 727 Aemiliae

163 747 245 814 bene
274 749 358 815 facta
393 747 586 815 extollebant
624 757 656 815 et
683 747 879 836 ignoscundo
911 746 1020 850 populi
1047 746 1140 814 Ros

163 836 248 899 mani
276 835 524 921 magnitudinem
560 835 703 917 auxisse,
732 855 891 921 nusquam
920 841 1014 898 ettam
1041 841 1111 898 tum

162 920 316 1006 Lepidum
367 943 550 1008 rogressum
584 919 728 1003 aiebant,
761 941 834 985 cum
865 920 991 1006 private
1019 940 1110 984 arma

162 1006 328 1092 opprimun
371 1030 389 1072 e
418 1005 574 1071 libertatis
604 1007 739 1093 cepisset
783 1003 845 1070 sibi
871 1007 1005 1093 quisque
1032 1027 1109 1092 opes

162 1102 216 1157 aut
237 1092 412 1178 patrocinia
442 1091 628 1179 quaerumdo
657 1093 742 1158 cons'
758 1092 822 1156 'um
849 1089 1012 1178 publicmn
1039 1113 1109 1157 cor·

141 1187 323 1264 truperunt.
367 1178 500 1244 Attum
529 1186 598 1243 erat
617 1177 757 1264 Lepidus
786 1175 867 1243 latro
897 1199 969 1243 cum
991 1176 1155 1252 caloni-10

159 1261 219 1328 bus
243 1272 274 1329 et
292 1264 403 1365 paucis
433 1264 572 1348 sicariis,
606 1287 740 1352 quorum
768 1286 861 1330 nemo
890 1263 1005 1329 diurna
1026 1285 1109 1330 mor·

160 1349 237 1415 cede
268 1359 366 1416 vitam
392 1350 577 1434 mutaverit3
605 1372 691 1414 nunc
718 1358 766 1415 est
816 1372 852 1416 ro
878 1349 1007 1417 consule
1035 1371 1108 1415 cum

159 1435 202 1499 im
225 1437 300 1520 erio,
323 1459 387 1503 non
410 1444 514 1522 empto
537 1436 594 1502 sed
620 1435 693 1501 dato
714 1457 736 1500 a
755 1372 864 1520 vobis,
901 1458 974 1502 cum
994 1435 1108 1522 legatis

160 1543 179 1584 a
223 1543 264 1586 uc
284 1522 354 1586 iure
380 1520 583 1608 parentibus,
611 1531 642 1588 ot
669 1521 809 1588 adeum
841 1543 1031 1588 concurrere
1052 1521 1108 1590 bo·

158 1607 259 1672 mines
292 1608 433 1674 omnium
466 1607 612 1674 ordinum
645 1608 900 1695 corruptissumi,
932 1607 1106 1695 flagrantes
1120 1625 1151 1676 to

157 1693 265 1780 inopia
291 1701 323 1758 et
351 1692 567 1781 cupidinibus,
596 1693 752 1760 scelerum
778 1693 971 1762 conscientia
999 1695 1107 1780 exagi-

158 1779 228 1863 tati,
272 1777 367 1845 uibus
417 1781 485 1846 uies
513 1782 547 1847 in
577 1778 800 1864 seditionibus,
829 1781 863 1844 in
890 1802 970 1866 pace
991 1778 1107 1846 trrrbse

158 1873 247 1950 sunt3
293 1867 391 1930 ’tum
424 1875 491 1930 tum
513 1889 554 1932 ex
580 1865 724 1950 tumultu,
746 1865 868 1932 bellum
890 1887 930 1930 ex
950 1864 1035 1932 bello
1058 1888 1107 1932 se·

156 1959 240 2034 runt,
263 1950 427 2018 Saturnini
449 1952 531 2036 olim,
553 1961 625 2038 post
646 1951 775 2038 Sulpici,
795 1951 869 2016 dein
889 1951 973 2016 Mari
986 1949 1108 2018 Dama

130 2038 311 2125 ssippique,
334 2060 420 2103 nunc
440 2037 554 2124 Lepidi
576 2037 737 2104 satellites.
779 2037 953 2104 Praeterea
973 2036 1149 2108 Etruriato

157 2132 252 2210 atque
287 2146 396 2190 omnes
431 2122 491 2188 reli
513 2124 585 2189 uiae
620 2122 698 2188 belli
732 2132 892 2207 arrectae3
929 2123 1106 2210 Hispaniae

156 2210 252 2274 armis
282 2209 448 2293 sollicitae3
511 2209 674 2276 'tbridatos
706 2209 739 2274 in
775 2208 875 2276 latere
900 2208 1107 2296 vectigalium

155 2303 346 2378 nostrorum,
377 2294 492 2383 quibus
521 2294 625 2362 adhuc
654 2303 883 2378 sustentamur,
914 2295 998 2360 diem
1017 2292 1105 2362 bello

156 2380 292 2445 oircums
313 2381 384 2446 icit:
415 2382 492 2468 quin
525 2389 652 2467 praeter
686 2380 837 2448 idonemn
876 2379 990 2446 ducem
1024 2379 1106 2446 nibil

156 2463 247 2532 abest
268 2403 312 2530 ad
332 2464 583 2532 subvortrmdum
608 2467 785 2553 imperim,
1114 2483 1147 2534 2⁵

129 2569 146 2618 s
220 2549 314 2630 Quod
341 2573 400 2638 ogo
425 2574 483 2618 vos
512 2574 568 2619 oro
597 2562 692 2640 atquo
720 2551 870 2636 obsecro,
899 2560 1007 2654 patros
1029 2573 1104 2618 con·

155 2637 274 2724 scripti,
298 2645 333 2702 ut
354 2637 630 2721 animadvortatis,
660 2660 724 2704 neu
751 2639 916 2725 patimnim
941 2637 1104 2704 licentiam

155 2722 312 2790 scelerum
334 2723 427 2812 qussi
446 2721 571 2790 rabiem
591 2724 633 2790 ad
653 2725 794 2811 integros
817 2732 964 2792 contactu
990 2745 1104 2811 proce·
1234 2737 1236 2823 ζ

154 2809 240 2876 dere.
283 2808 367 2874 Nam
397 2807 454 2876 ubi
475 2808 575 2875 malos
618 2810 740 2878 rasmia
762 2819 925 2894 secuntur,
948 2809 1103 2876 haud-fa·
1233 2849 1234 2852 =

117 2895 213 2962 [teile
241 2896 410 2982 quisquam
435 2897 573 2983 grattrito
642 2917 703 2962 nus
733 2905 790 2962 est
833 2895 887 2962 An
915 2897 1145 2984 expectatisso

153 2980 228 3046 dum
257 2981 399 3047 exercitu
429 3004 541 3047 rursus
575 2982 700 3048 admoto
728 2981 814 3050 ferro
848 2990 944 3070 etque
971 2980 1103 3050 flamma

152 3064 265 3131 urbem
285 3065 440 3132 invadet?
462 3067 548 3154 quod
568 3067 666 3134 multo
680 3069 809 3155 propius
832 3077 880 3134 est
900 3067 941 3133 ab
975 3089 1014 3133 eo
1037 3091 1101 3156 quo

151 3153 377 3324 &difidit
414 3151 1100 3307 ttstetttttttttttffi

264 3285 272 3322 2

151 3323 243 3408 oepit,
265 3343 330 3387 non
351 3345 409 3408 pro
432 3345 490 3390 sua
511 3334 566 3389 aut
609 3346 723 3390 uorum
745 3323 870 3390 mmulat
890 3323 1015 3408 iniuria,
1040 3323 1142 3398 satist

112 3407 258 3494 ttlegum
293 3427 332 3471 ae
363 3407 518 3474 libertatis
553 3348 799 3476 subvortundae.
854 3409 971 3497 Agim
1012 3410 1098 3476 enim

151 3513 190 3557 ae
211 3491 370 3558 laceratur
399 3494 495 3560 animi
515 3494 662 3582 cupidine
684 3503 716 3561 et
739 3517 904 3574 noxarum
923 3503 1019 3580 metu,
1042 3516 1097 3564 ox·
