2520 3966
391 255 620 324 rvovarm
640 256 768 323 av-as
991 196 1062 324 ll

95 429 204 495 tandis
220 428 501 494 consultationibus
517 429 641 516 dilapsa
653 429 749 494 foret:
771 435 860 494 tanta
873 429 924 494 vis
938 429 1060 514 gratiae

97 526 195 602 atque
216 517 371 602 pecuniae
393 514 478 600 regis
502 525 579 581 erat.
623 513 689 580 Sed
716 515 773 580 ubi
802 522 928 579 senatus
951 504 1083 582 delictis

96 602 295 667 conscientia
314 600 468 688 populum
488 602 594 686 timet,
624 600 696 687 lege
718 600 793 666 Sem
816 601 907 665 ronia
932 602 1059 686 provin-

96 689 169 752 ciae
190 687 302 752 futuris
326 686 508 751 consulibus
518 685 669 752 Numidia
682 695 776 774 atque
790 624 884 752 ltalia
898 686 1058 772 decretae

71 773 248 842 sconsules
285 771 437 838 declarati
469 772 602 838 Publius
636 772 742 859 Scipio
775 773 908 857 Nasica,
940 772 1085 839 Lucius4

95 860 209 924 Bestia
232 858 441 946 Calpurnius:
464 856 637 946 Calpurnio
652 858 817 942 Numidia,
841 858 982 946 Scipioni
996 859 1058 924 Ita·

97 945 144 1010 lia
167 946 306 1011 obvenit.
349 943 478 1012 Deinde
501 947 676 1029 exercitus,
719 945 809 1047 uiin
823 943 965 1010 Africam
987 959 1084 1032 por-o

96 1041 237 1115 taretur,
271 1032 435 1116 scribitur,
470 1032 660 1120 stipendium
689 967 832 1118 iliaque,
866 1053 947 1117 quae
972 1031 1059 1098 bello

96 1141 160 1183 usu
181 1118 298 1201 forent,
322 1117 544 1184 decernuntur.
1235 1167 1242 1180 .,

59 1224 87 1273 ιο
163 1203 208 1269 At
228 1203 396 1305 Iugurtha,
420 1214 529 1269 contra
544 1225 633 1306 spem
647 1205 757 1269 nuntio
772 1212 918 1290 accepto,
942 1205 1111 1291 quipp028
1235 1193 1238 1230 ³

98 1292 152 1355 cui
166 1291 287 1354 Romae
303 1312 410 1354 omma
423 1313 538 1356 venum
551 1293 598 1356 ire
613 1312 647 1355 m
662 1291 767 1356 animo
781 1290 936 1373 haeserat,
959 1291 1060 1354 filium

98 1388 132 1441 et
154 1398 227 1441 oum
249 1397 287 1441 eo
310 1376 389 1441 duos
410 1375 574 1442 familiaris
597 1376 639 1440 ad
653 1385 798 1442 senatum
819 1376 940 1462 legatos
955 1378 1059 1460 mittit,

99 1465 227 1550 eisque,
257 1471 293 1528 ut
318 1462 382 1526 illis
405 1484 483 1550 quos
510 1462 696 1549 Hiempsale
725 1462 889 1528 interfecto
920 1463 1060 1546 miserat,

97 1551 272 1636 praecipit,
295 1549 396 1616 omnis
418 1549 560 1614 mortalis
582 1550 719 1635 pecunia
740 1548 973 1636 adgrediantur.
998 1547 1086 1628 Quia

58 1644 269 1722 rapostquam
301 1634 436 1699 Romam
469 1633 699 1719 adventabant,
739 1645 866 1700 senatus
901 1657 921 1698 a
951 1635 1062 1701 Bestia

99 1720 263 1786 consultus
297 1730 358 1804 est,
390 1719 572 1808 placeretne
601 1720 724 1807 legatos
757 1721 929 1808 Iugurthae
960 1723 1061 1808 recipi

11 1851 13 1930 l
98 1806 722 1959 thtttttltl‘ttffattt
738 1809 1061 1958 mffilffllh

11 1947 12 1992 3
97 1979 193 2044 Italia
208 1979 407 2045 decederent.
433 1942 562 2046 'Consul
576 1978 722 2044 Numidis
745 1917 911 2044 epxosensei
933 1978 1084 2044 decretos

57 2065 239 2133 renuntiari
252 2065 356 2150 iubet3
373 2069 417 2130 ita
431 2065 555 2130 infectis
570 2065 665 2130 rebus
681 2065 729 2130 illi
744 2065 872 2130 domum
884 2064 1060 2129 discedunt

162 2150 296 2216 Interim
319 2151 508 2238 Calpurnius
531 2159 641 2239 parato
665 2151 808 2216 exercitu
829 2150 915 2237 legat
930 2150 991 2216 sibi
1005 2151 1085 2216 bot

99 2239 202 2303 mines
224 2236 340 2303 nobilis
362 2238 520 2321 factiosos,
544 2259 678 2324 quorum
696 2238 880 2302 auctoritate
925 2259 985 2301 uae
1008 2237 1060 2302 de·

99 2324 244 2411 liquisset
264 2325 387 2388 munita
407 2323 474 2388 fore
497 2322 659 2426 sperabat:
682 2324 716 2388 in
738 2323 808 2410 quis
831 2323 890 2388 fuit
904 2259 1060 2408 Sosium,

100 2412 190 2475 cuius
213 2409 253 2474 de
274 2419 388 2475 natura
410 2419 442 2474 et
456 2408 566 2475 hab1tu
581 2431 677 2496 supra
690 2411 945 2475 memoravimus.
978 2410 1085 2475 Nema

61 2498 133 2561 asin
156 2495 286 2560 consule
307 2505 414 2561 nostro
443 2495 561 2562 multae
591 2495 758 2582 bonaeque
788 2505 871 2562 artes
901 2497 999 2560 animi
1029 2505 1060 2561 et

100 2583 241 2668 corporis
271 2591 378 2666 erant,
412 2604 490 2672 quas
518 2582 619 2648 omnis
649 2582 783 2647 avaritia
813 2581 1058 2670 praepediebat:

98 2670 223 2755 patiens
244 2666 406 2752 laborum,
430 2669 496 2732 acri
516 2669 654 2755 ingenio,
678 2669 754 2734 satis
775 2667 958 2756 providens,
980 2665 1058 2734 belli

99 2752 186 2819 haud
199 2755 337 2840 ignarus,
359 2755 568 2819 firmissumus
584 2765 693 2820 contra
706 2753 850 2842 pericula
871 2764 902 2820 et
916 2753 1059 2820 insidias.

100 2840 165 2906 Sed
186 2838 328 2926 legiones
374 2863 408 2904 er
418 2839 544 2904 Italiam
558 2840 693 2927 Regium
708 2849 802 2928 atque
817 2839 891 2906 inde
907 2838 1084 2923 Siciliam,e

59 2945 89 2994 30
97 2949 194 3014 porro
217 2949 259 2990 ex
281 2863 391 2992 Sicilia
411 2928 446 2990 in
466 2924 610 2990 Africam
623 2937 832 2992 transvectae.
862 2925 964 3012 Igitur
987 2924 1084 2994 calu

98 3013 231 3100 purnius
253 3013 342 3077 initio
364 3012 482 3099 paratis
499 3012 725 3078 commeatibus
747 3014 863 3078 acriter
876 3011 1058 3078 Numidiam

11 3115 12 3128 ¹
98 3101 261 3186 ingressus
285 3109 333 3164 est
346 3097 462 3163 multos
485 3121 526 3163 ue
540 3097 681 3163 mortalis
698 3110 729 3164 et
742 3099 831 3164 urbis
846 3097 967 3186 aliquot
979 3120 1059 3185 pug-

98 3183 204 3250 nando
228 3207 264 3249 ce
288 3186 320 3249 ’t
364 3183 431 3250 Sed
450 3120 507 3250 uhi
528 3183 681 3270 Iugmtha
702 3207 760 3272 per
778 3183 900 3269 legatos
923 3185 1111 3272 pecuniaee

98 3279 253 3358 temptare
265 3208 432 3359 bellique,
463 3270 549 3357 quod
570 3269 826 3354 administrabat,
857 3270 1060 3358 asperitatem

57 3357 267 3424 eoostendere
290 3379 346 3423 coe
369 3359 407 3442 it,
438 3357 561 3421 animus
584 3379 680 3443 aeger
701 3356 836 3422 avaritia
863 3353 957 3422 facile
985 3379 1059 3422 con·

96 3465 212 3510 vorsus
235 3451 293 3508 est
338 3381 487 3529 Seterum
509 3444 613 3508 socius
644 3453 676 3508 et
704 3441 889 3508 administer
919 3443 1084 3514 omnium

98 3529 304 3596 consiliemur
326 3528 502 3594 adsumitur
523 3527 678 3612 Scaurus,
710 3529 765 3615 qui
784 3529 912 3596 tametsi
932 3530 1060 3679 abprin·
