2502 3968
196 241 240 304 50
501 233 727 300 IVGVRTHA
748 233 842 300 5--7

196 413 230 474 in
252 408 422 473 amicitiam
441 414 587 494 receptus
608 429 629 470 a
648 403 762 470 Publio
785 405 933 492 Scipione
960 409 1011 474 oui
1037 417 1153 496 postea

195 495 346 560 Africano
362 513 538 580 cognomen
551 513 595 556 ox
606 492 723 558 virtute
737 491 805 574 finit,
825 491 925 558 multa
939 503 971 559 et
984 495 1152 582 praeclara

195 583 244 648 rsi
263 581 407 646 militaris
429 578 572 647 facinora
591 578 725 661 fecerat,
756 577 797 644 ob
827 601 924 666 quae,
951 582 1044 646 victis
1073 581 1152 646 Car·

196 665 445 753 thaginiensibus
467 673 500 731 et
514 674 606 752 capto
622 663 768 751 Suphace
783 666 870 729 cuius
892 667 927 730 in
939 665 1049 731 Africa
1062 689 1153 754 mag·

195 776 272 819 num
298 760 392 840 atque
413 751 478 818 lete
497 751 666 839 imperium
686 749 799 833 valuit,
821 751 956 837 populus
977 753 1174 838 Romanitas
1233 755 1234 786 ²

217 837 491 926 uascunqueurbis
500 846 532 902 ot
540 859 734 924 agrosmanu
742 846 877 923 ceperat,
889 839 958 924 regi
965 837 1047 904 dono
1054 839 1153 906 dedit

172 864 297 1012 elgitur
316 925 455 990 amicitia
474 924 662 1008 Masinissae
681 922 767 988 bona
787 931 880 1010 atque
905 924 1038 990 honesta
1052 925 1153 990 nobis

196 1012 386 1099 permansit:
408 1009 484 1092 [sed]
507 1010 621 1096 imperi
633 1010 781 1096 vitaeque
804 1009 870 1074 eius
890 1009 961 1074 finis
976 1011 1061 1076 idem
1082 1011 1153 1077 fuit

260 1096 346 1162 Dein
366 1097 502 1183 Micipsa
522 1095 606 1160 filius
619 1119 655 1162 re
699 1118 754 1160 um
768 1094 854 1160 s‘olus
870 1097 1013 1180 obtinuit,
1023 1097 1154 1162 Masta-

173 1183 312 1250 6nabale
342 1191 374 1249 et
403 1182 542 1248 Gulussa
569 1181 659 1262 fratri
680 1205 718 1246 us
745 1182 856 1247 morbo
891 1183 1076 1270 absumptis.
1120 1183 1194 1258 Is1o

174 1269 414 1336 tAdherbalem
435 1279 467 1334 et
488 1267 707 1356 Hiempsalem
729 1291 771 1333 ex
792 1291 862 1333 sese
889 1272 1012 1354 genuit,
1041 1269 1154 1354 Iugur·

198 1358 356 1445 thamque,
371 1354 472 1420 filium
485 1353 713 1420 Mastanabalis
728 1353 843 1438 fratris,
867 1356 960 1440 quem
974 1355 1154 1438 Masinissa,

199 1442 284 1530 quod
306 1452 391 1507 ortus
407 1441 641 1507 exconcubina
660 1448 736 1524 erat,
781 1442 917 1506 rivatum
932 1439 1154 1526 dereliquerat,

169 1529 311 1596 teodem
333 1528 419 1592 cultu
440 1550 502 1614 quo
523 1527 641 1593 liberos
663 1549 736 1592 suos
758 1463 845 1593 domi
859 1526 979 1592 habuit.
1020 1525 1085 1606 Qui
1098 1526 1157 1591 ubi

197 1615 334 1702 primum
342 1613 489 1697 adolevit,
496 1613 755 1700 pollensviribus,
764 1613 974 1698 deeorafaeis,
987 1612 1045 1678 sed
1054 1611 1155 1676 multo
1168 1634 1196 1682 15

196 1723 346 1766 maxume
363 1700 492 1786 ingenio
513 1699 647 1783 validus,
666 1723 731 1766 non
749 1721 783 1764 se
801 1699 880 1764 luxu
897 1721 1009 1786 neque·
1021 1699 1156 1763 inertiae
1233 1693 1234 1772 l

200 1786 463 1873 corrumpendum
470 1785 566 1869 dedit,
579 1787 644 1870 sed,
656 1787 703 1851 uti
713 1807 782 1852 mos
793 1788 896 1871 gentis
904 1786 999 1868 illius,
1013 1786 1156 1872 equitare

197 1873 339 1957 iaculari,
356 1895 450 1938 cursu
462 1895 535 1937 cum
553 1873 736 1959 aequalibus
751 1879 883 1955 certare,
905 1881 937 1938 et
959 1893 1031 1936 eum
1052 1871 1156 1936 omnis

191 1985 194 1994 ·
198 1962 300 2048 gloria
308 1968 380 2025 ante
387 1961 455 2043 iret,
469 1959 613 2025 omnibus
621 1969 727 2025 tamen
735 1981 827 2025 carus
839 1981 924 2043 esse;
936 1957 1046 2023 adhoc
1051 1956 1156 2044 plera-

200 2071 260 2135 que
272 2044 616 2133 temporainvenando
625 2069 730 2132 agere,
742 2045 868 2111 leonem
875 2055 907 2110 at
928 2067 969 2110 ue
981 2043 1198 2115 aliasferasao

198 2136 318 2220 primus
335 2142 389 2198 aut
410 2133 444 2196 in
462 2133 572 2220 primis
586 2132 697 2217 ferire3
719 2132 899 2219 plurumum
950 2153 1031 2214 cere,
1053 2130 1157 2194 minu-

175 2241 286 2289 amum
300 2221 311 2282 i
335 2241 369 2283 se
392 2218 431 2284 de
454 2242 488 2284 se
503 2218 599 2306 loqui.
635 2218 757 2298 Quibus
772 2216 866 2282 rebus
881 2217 1016 2305 Micipsa
1029 2217 1157 2280 tametsi

199 2306 288 2369 initio
312 2242 418 2369 laetus
445 2305 550 2370 fuerat
577 2306 772 2370 existumans
806 2304 954 2368 virtutem
981 2301 1157 2388 Iugurthae

198 2412 298 2475 regno
321 2412 378 2455 suo
400 2389 521 2476 gloriae
542 2390 626 2474 fore,
653 2401 776 2474 tamen,
806 2399 973 2477 postquam
993 2388 1158 2453 bominem

200 2475 451 2559 adulescentem,
486 2486 600 2540 exacta
629 2499 687 2541 sua
713 2485 816 2542 aetate
846 2485 877 2540 et
904 2475 1012 2562 parvis
1034 2473 1198 2557 liberis,2⁵

199 2562 301 2646 magis
322 2561 487 2649 magisque
510 2583 652 2627 erescere
682 2563 854 2648 intellegit,
883 2561 1087 2626 vehementer
1116 2579 1156 2624 eo

199 2649 326 2733 negotio
355 2658 516 2735 permotus
545 2648 645 2713 multa
673 2671 746 2714 cum
775 2651 879 2714 anim0
910 2670 965 2712 suo
994 2645 1156 2712 volvebat.

177 2733 354 2798 sTerrebat
392 2755 465 2799 eum
501 2744 615 2800 natura
646 2735 825 2801 mortalium
858 2733 951 2799 avida
982 2732 1096 2818 imperi
1124 2741 1158 2796 et

198 2841 351 2906 praeceps
375 2819 416 2883 ad
438 2820 629 2908 explendam
651 2822 748 2886 animi
770 2821 963 2909 cupidinem,
991 2826 1159 2906 praeterea

201 2905 395 2992 oportunitas
426 2929 502 2971 suae
530 2907 764 2996 liberorumque
794 2909 921 2990 aetatis,
951 2926 1033 2993 quae
1060 2905 1197 2976 etiamst
1233 2947 1234 2974 2

200 2992 369 3057 mediocris
398 2993 485 3058 viros
515 3015 572 3080 spe
601 2994 739 3082 praedae
767 3004 965 3059 transvorsos
998 2992 1080 3078 agit,
1115 2989 1158 3054 ad
1233 3021 1234 3076 q

200 3078 262 3142 hoc
294 3078 398 3143 studia
418 3078 628 3146 Numidarum
654 3081 688 3144 in
718 3079 904 3168 Iugmtham
932 3099 1082 3142 accensa:
1114 3098 1158 3142 ex

201 3164 331 3252 quibua,
365 3165 392 3230 si
424 3164 521 3230 talem
551 3167 656 3231 virum
686 3166 766 3232 dolis
795 3165 1017 3247 interfecisset,
1050 3184 1158 3264 nequa

173 3250 313 3319 tseditio
342 3259 396 3314 aut
423 3250 544 3316 bellum
573 3253 706 3317 oriretur
733 3255 845 3318 anxius
873 3258 950 3315 crat
993 3250 1053 3314 His
1076 3247 1157 3312 diffi-

201 3335 368 3401 cultatibus
399 3338 630 3403 circumventus
660 3337 716 3403 ubi
746 3339 834 3404 videt
865 3357 968 3424 neque
1000 3357 1058 3422 per
1088 3335 1196 3404 vimus

199 3444 303 3508 neque
326 3419 450 3486 insidiis
472 3425 608 3510 opprimi
621 3445 715 3510 posse
737 3425 897 3491 hominem
910 3431 976 3487 tam
991 3430 1157 3508 acceptum

199 3506 423 3594 popularibus,
453 3509 539 3590 quod
560 3520 628 3575 erat
648 3510 801 3596 Iugurtha
821 3531 917 3575 manu
937 3521 1101 3595 promptus
1125 3517 1156 3573 et
1233 3539 1234 3610 p
