2502 3968
200 267 254 370 ss
450 357 453 370 ι
527 267 754 360 mevenni
781 267 822 336 14

200 443 369 508 dsraneva
384 443 612 528 acciperemus:
629 439 1048 528 abundemagnapraesidia
1057 443 1152 508 nobis

200 529 233 591 in
253 537 361 592 vostra
375 529 513 592 amicitia
532 526 616 611 fore3
638 529 668 592 si
680 528 755 592 huic
766 531 810 592 im
833 528 898 591 eric
912 525 1037 591 fortuna
1049 536 1153 593 muta·
1236 557 1237 560 ¹

163 622 293 694 seneen,
308 634 373 677 una
387 611 593 677 occidendum
610 612 701 677 nobis
717 635 797 678 esse.
849 615 943 677 irtute
957 633 995 676 ac
1012 611 1082 676 deis
1096 635 1152 677 vc·

198 697 335 763 lentibus
345 698 453 783 magni
464 699 538 762 estis
550 708 582 762 et
592 698 746 785 opulenti3
759 696 1152 764 omniasecundaetoboe·
1237 700 1238 780 l

199 781 317 847 dientia
328 792 416 847 sunt:
452 805 493 848 uo
504 782 627 847 facilius
640 785 796 849 sociorum
806 785 936 847 iniurias
944 803 1054 847 curare
1066 782 1177 852 licets
1237 795 1238 800 ’

159 895 190 944 20
261 869 398 932 Tantum
430 805 511 932 illud
544 889 673 952 vereor,
707 890 827 955 nequos
860 869 985 956 privata
1012 869 1154 932 amicitia

197 953 367 1101 Iufflmhae
387 976 500 1040 parum
522 955 648 1038 cognita
668 963 866 1020 transvorsos
888 963 969 1038 agat,
993 973 1071 1039 quos
1092 973 1153 1038 ege

199 1061 239 1102 au
263 1041 292 1101 ὀ
313 1061 462 1102 maxuma
484 1061 502 1103 0
526 1040 637 1123 eniti,
659 1039 779 1104 ambire
800 1040 933 1124 fatigare
959 1058 1017 1103 vos
1045 1039 1153 1123 singu·
1238 1018 1239 1096 l

198 1123 263 1206 les,
285 1123 404 1210 nequid
425 1124 465 1188 de
487 1062 636 1207 alsente,
661 1127 822 1209 incognita
843 1144 968 1203 caussa,
992 1125 1154 1187 statuatis:

198 1208 319 1294 fingere
339 1231 391 1273 me
411 1209 511 1274 verba
533 1219 564 1273 et
585 1210 693 1294 fugam
715 1209 877 1292 simulare,
900 1210 951 1272 cui
972 1208 1098 1273 licuerit
1117 1210 1197 1285 inm

157 1321 186 1371 21
198 1316 297 1379 regno
319 1316 457 1360 manere.
488 1293 581 1374 Quod
603 1295 723 1359 utinam
744 1294 849 1379 illum,
872 1295 960 1358 cuius
974 1294 1061 1442 inffio
1075 1293 1153 1358 faci-

199 1401 277 1444 nore
298 1383 332 1444 in
352 1380 410 1443 has
431 1381 574 1444 miserias
596 1381 754 1466 proiectus
777 1403 861 1463 sum,
884 1379 994 1444 eadem
1051 1399 1089 1442 ec
1112 1381 1154 1444 si·
1239 1447 1240 1456 ἦ

199 1465 371 1530 mulantem
392 1464 535 1548 videam,
566 1475 598 1529 et
618 1463 787 1551 aliquando
819 1473 873 1530 sut
901 1463 985 1550 apud
1009 1485 1068 1528 vos
1098 1473 1155 1528 sut

199 1549 283 1637 spud
303 1549 378 1614 deos
398 1551 572 1615 inmortalis
586 1572 693 1620 rerum
706 1551 913 1615 humanatum
928 1571 1003 1614 cura
1017 1550 1153 1614 oriatur:

197 1656 238 1699 ne
259 1634 330 1718 ille,
361 1637 415 1721 qui
442 1657 526 1700 nunc
548 1633 720 1702 sceleribus
742 1638 806 1700 suis
827 1636 919 1701 ferox
947 1646 1040 1736 atque
1061 1656 1197 1720 prae-ss
1240 1661 1241 1716 g

199 1719 301 1784 clarus
326 1729 387 1803 est,
421 1720 566 1786 omnibus
587 1720 679 1786 malis
708 1723 904 1786 excruciatis
932 1721 1091 1807 inp1etatis
1119 1721 1154 1784 in

198 1815 362 1893 pauentem
382 1814 542 1891 nostmm,
563 1805 668 1873 fratris
689 1808 753 1872 mei
773 1808 862 1872 necis
877 1826 1079 1891 meammque
1094 1806 1154 1870 mi·

159 1923 190 1974 22
199 1893 352 1958 ceniarum
365 1893 473 1979 gravis
487 1915 606 1979 poenas
620 1893 741 1958 reddat
771 1891 904 1958 Iamiam
918 1891 1023 1975 frater,
1047 1891 1154 1956 anime

198 1999 269 2045 meo
292 1980 479 2061 cssissume,
511 2001 700 2065 quamquam
721 1978 780 2043 tibi
805 1981 979 2060 inmature,
1009 1987 1042 2042 et
1066 1976 1154 2042 unde

198 2066 337 2130 minume
364 2065 482 2147 decuit,
514 2065 581 2130 sita
609 2074 717 2150 crepta
738 2072 802 2147 est,
835 2073 941 2128 tamen
969 2061 1197 2140 laetandumw

199 2153 298 2236 magis
322 2173 415 2238 quam
438 2150 608 2215 dolendum
628 2159 705 2236 puto
728 2171 835 2214 casum
857 2159 963 2232 tuum;
986 2150 1152 2212 nonenim

158 2250 346 2321 zcregnum,
380 2236 437 2300 sed
468 2237 576 2323 fugam
597 2233 727 2299 exilium
748 2243 934 2320 egestatem,
965 2233 1022 2299 sed
1048 2235 1152 2298 omnis

198 2322 255 2385 has
277 2343 357 2406 quse
378 2344 429 2385 me
455 2330 601 2406 premunt
628 2342 794 2386 aerumnas
822 2341 893 2386 cum
920 2321 1025 2384 anima
1056 2318 1152 2382 simul

198 2407 339 2470 amisisti.
371 2405 416 2468 At
437 2429 496 2490 ego
518 2405 644 2489 infelix,
666 2409 700 2470 in
713 2415 802 2470 tanta
821 2403 907 2469 mala
927 2405 1154 2490 praecipitatus

199 2513 241 2554 ex
295 2491 374 2554 anio
407 2512 523 2575 regno,
563 2513 669 2555 rerum
697 2491 905 2555 humanatum
937 2488 1152 2576 spectaculum
1161 2511 1197 2564 u

198 2514 352 2662 praedes,
374 2577 512 2640 incertus
534 2575 611 2661 quid
631 2598 738 2663 agam,
761 2585 872 2640 tuasne
893 2575 1023 2639 iniurias
1043 2597 1151 2662 perse·

200 2683 294 2747 quar,
316 2663 385 2747 ipse
406 2661 506 2726 auxili
528 2683 640 2746 egens,
669 2685 711 2726 an
731 2682 830 2746 regne
853 2659 1031 2745 consulam,
1061 2660 1152 2725 cuius

199 2746 283 2812 vitae
311 2748 462 2832 necisque
482 2757 627 2895 Fetestas
661 2770 703 2812 ex
735 2747 847 2896 efiibus
880 2746 991 2811 alienis
1023 2746 1151 2833 pendet

158 2833 328 2906 24Vtinam
356 2833 456 2896 emori
496 2834 614 2898 crtunis
644 2833 723 2898 meis
774 2841 901 2897 onestus
932 2833 1034 2897 exitiis
1057 2841 1151 2915 esset,

198 2939 261 2983 neu
281 2919 349 2982 iure
372 2926 568 3004 contemptus
589 2918 732 3001 viderer,
759 2919 787 2981 si
815 2917 957 2982 defessus
983 2916 1075 2982 malis
1103 2917 1195 2992 ins-ac

198 3005 297 3068 iuriae
319 3005 554 3068 concessissem.
581 3003 675 3068 Nunc
688 3025 791 3090 neque
805 3005 914 3068 vivere
928 3002 1025 3086 lubet,
1047 3023 1152 3089 neque

197 3090 279 3154 mori
299 3087 374 3154 licet
394 3090 463 3154 sine
485 3088 650 3155 dedecore.

160 3195 189 3244 ce
260 3174 373 3240 Patres
402 3175 587 3261 consempti,
619 3195 678 3261 per
710 3195 785 3255 vos,
818 3196 877 3260 per
908 3173 1024 3237 liberes
1057 3182 1151 3260 atque

198 3260 338 3347 parentis
356 3269 490 3343 vostros,
536 3281 571 3324 cs·
590 3259 788 3324 maiestatem
806 3258 916 3344 populi
929 3256 1064 3322 Romani
1078 3259 1152 3324 sub·

199 3349 305 3411 venite
326 3345 441 3409 misero
463 3283 555 3409 mill:
577 3344 621 3408 ite
643 3344 771 3409 obviam
791 3345 933 3426 iniuriae,
962 3342 1060 3407 nolite
1081 3345 1194 3430 pstiss

199 3453 332 3516 regnum
352 3428 538 3512 Numidiae,
561 3429 646 3516 quod
666 3438 809 3494 vosmum
831 3437 892 3511 est,
913 3449 972 3516 per
992 3427 1097 3493 scelus
1120 3439 1153 3494 et

200 3516 385 3598 sanguinem
405 3513 543 3578 familiae
564 3525 690 3580 nostrae
712 3508 893 3580 tabescere'.
