2520 3966
206 314 246 378 48
500 311 665 378 ORATIO
686 311 824 382 Meum

185 495 291 552 tantae
313 485 433 572 gloriae
466 483 723 565 adulescentem,
756 485 853 550 malle
887 486 1068 572 principem
1089 510 1148 552 vo·
1258 569 1259 574 ἵ

184 571 323 638 lentibus
345 571 438 638 vobis
460 592 650 656 essequam
675 569 739 636 illis
762 570 986 638 dominationis
1009 574 1145 655 socium,
1258 605 1259 662 ,

186 668 346 724 auctorem
368 679 409 722 ue
440 657 474 720 in
505 657 616 742 primis
643 656 712 722 fore
743 657 930 722 tribuniciae
962 660 1144 745 potestatis.
1258 697 1259 716 2

146 768 175 815 24
184 743 321 828 Verum,
346 682 503 826 Quirites,
526 752 621 810 antea
649 742 766 830 singuli
798 744 886 808 cives
916 745 951 808 in
983 743 1143 829 pluribus,

185 852 251 897 non
271 831 306 895 in
326 853 391 895 uno
413 831 520 896 cuncti
541 827 703 914 praesidia
722 827 908 912 habebatis,
929 852 1036 916 neque
1057 853 1166 905 mor-5

185 917 297 982 talium
318 917 486 1004 quisquam
518 913 595 982 dare
628 923 683 980 aut
715 915 838 1001 eripere
869 915 948 982 talia
978 938 1062 981 unns
1085 939 1143 1002 po
1187 955 1188 959 =

186 1013 278 1070 terat

145 1114 176 1166 25
249 1089 363 1176 Itaque
383 1087 555 1154 verborum
577 1088 654 1152 satis
684 1087 803 1154 dictum
834 1095 904 1152 est:
923 1110 1033 1175 ‚neque
1053 1090 1141 1154 enim

144 1201 177 1251 26
185 1176 366 1262 ignorantia
386 1196 440 1241 res
461 1173 600 1259 claudit3
622 1196 735 1239 verum
756 1175 924 1260 occupavit
944 1175 1054 1242 nescio
1076 1197 1143 1262 qua

185 1285 245 1328 vos
266 1261 406 1348 torpedo,
430 1283 494 1348 qua
513 1283 579 1326 non
599 1258 701 1346 gloria
726 1261 898 1326 movemini
922 1282 1029 1348 neque
1119 1263 1142 1312 ’-
1155 1297 1182 1342 η

186 1349 231 1415 tio
252 1357 430 1435 cunctaque
450 1347 612 1433 praesenti
631 1347 762 1432 ignavia
792 1347 988 1430 mutavistis,
1011 1346 1141 1414 abnuo
1258 1349 1259 1408 i

186 1434 367 1502 libertatem
386 1433 463 1498 rati:
486 1431 607 1498 scilicet
622 1434 697 1520 quia
717 1433 817 1518 tergis
831 1431 1009 1498 abstinetur
1023 1443 1057 1500 et
1076 1432 1142 1500 hac
1258 1413 1259 1460 ¹

145 1546 176 1598 2⁷
186 1522 234 1588 ire
247 1521 323 1587 licet
337 1528 434 1607 atque
447 1518 533 1602 illuc,
549 1541 682 1586 munera
696 1518 808 1585 ditium
818 1517 1027 1604 dominorum,
1043 1529 1141 1622 atque

186 1607 267 1674 baec
288 1606 401 1675 eadem
421 1627 487 1670 non
509 1616 583 1670 sunt
603 1604 793 1691 agrestibus,
816 1604 875 1672 sed
895 1604 1072 1672 caeduntur
1093 1629 1140 1674 tu·

186 1705 236 1760 ter
255 1693 432 1782 potentium
451 1691 631 1756 inimicitias
653 1691 800 1778 donoque
821 1690 938 1758 dantur
958 1691 992 1755 in
1012 1692 1140 1779 provin-
1154 1710 1183 1758 te

145 1781 253 1856 eseias
280 1776 528 1865 magistratibus.
571 1777 623 1843 Ita
649 1787 809 1864 pugnatur
837 1787 870 1844 et
896 1778 1034 1843 vincitur
1061 1799 1140 1865 pau·

185 1863 1141 2038 ΝΜ

187 2041 305 2104 tionem
325 2037 372 2102 illi
393 2037 580 2105 retinuerint
602 2057 697 2122 quam
726 2059 785 2102 vos
811 2037 1022 2123 repetiveritis
1043 2037 1140 2104 liber·

188 2139 293 2190 tatem.
