2520 3966
192 251 237 325 ὕ
479 252 710 324 mevn‘fflu
731 252 860 322 53-64

153 429 237 498 Χ6Δὶ
257 428 401 514 Romani,
424 451 614 517 quemquem
627 430 740 495 itinere
754 437 849 517 atque
864 451 960 517 opere
975 436 1156 499 ensuerunt

194 525 226 582 et
246 515 367 603 proelio
388 515 465 581 fessi
487 515 644 603 [laetique]
669 525 772 601 erent,
794 526 908 600 tamen,
932 516 1018 618 'quod
1037 515 1152 582 Metel·

193 602 242 668 lus
264 601 399 689 emplius
421 625 439 667 o
462 602 568 666 inione
589 602 785 684 morabatur,
808 603 953 666 instructi
973 603 1153 690 intentique
1243 631 1244 696 p

166 688 319 755 §obviam
338 625 531 775 procedunt3
552 711 627 753 nam
649 687 739 755 dolus
753 687 962 754 Numidarum
982 687 1062 752 nihil
1082 686 1152 754 lun·
1243 703 1244 776 ᾖ

168 776 278 862 lffridi
299 797 402 862 neque
424 775 549 839 remissi
593 773 757 840 ntiebatur.
801 771 851 840 Ae
872 775 990 860 primo,
1014 773 1179 840 obseurat
1243 797 1244 848 t

191 871 292 945 noete,
314 869 482 948 postquem
502 798 591 926 haud
608 859 720 948 procul
741 861 823 926 inter
835 881 869 926 se
885 867 983 956 erant,
1007 861 1149 946 strepitu,

191 947 278 1014 velut
288 947 394 1012 hostes
407 946 610 1032 [adventaret
623 945 715 1012 alteri
725 946 811 1034 apud
822 945 938 1011 alteros
949 945 1153 1012 formidinem

191 1034 285 1100 simul
307 1043 339 1099 et
359 1034 527 1100 tumultum
549 1033 670 1115 faeere,
695 1044 726 1100 et
747 1055 851 1120 paene
872 1031 1074 1120 inprudentia
1094 1031 1152 1098 ed-

190 1122 322 1186 missum
350 1120 472 1202 fucinus
501 1120 698 1204 miserabile,
729 1121 764 1186 ni
792 1117 951 1206 utrimque
983 1119 1153 1205 praemissi
1243 1133 1244 1140 ’

166 1209 312 1294 sequites
333 1229 402 1290 rem
424 1205 684 1294 exploravissent.
722 1206 825 1292 Igitur
837 1227 895 1292 pro
911 1213 998 1270 metu
1018 1227 1054 1269 re
1078 1222 1101 1268 e·
1114 1214 1153 1284 ‚te
1164 1229 1194 1282 ιο

190 1293 340 1380 gaudium
361 1301 525 1358 exortum:
546 1292 662 1358 milites
678 1291 760 1358 elius
775 1285 873 1357 alium
887 1290 962 1356 laeti
978 1229 1151 1378 adpellant,

189 1391 260 1448 acta
281 1379 415 1444 edoeent
436 1389 531 1464 utque
546 1379 694 1462 audiunt,
717 1403 776 1444 sua
798 1378 930 1466 quisque
951 1377 1046 1442 fortia
1066 1376 1153 1442 faeta

189 1466 232 1532 ed
252 1465 375 1532 eaelum
388 1465 458 1531 fert
492 1463 618 1552 Quippe
633 1488 685 1530 res
700 1465 858 1530 humanae
871 1465 917 1528 ita
931 1485 1001 1528 sese
1015 1461 1152 1528 habent:

189 1553 224 1618 in
244 1551 378 1618 victoris
396 1550 457 1616 ‘vel
484 1551 608 1637 ignavis
640 1550 771 1637 gloriari
793 1551 882 1634 lieet,
913 1547 1067 1614 advorsae
1095 1571 1151 1615 res

190 1639 285 1706 etiem
305 1638 406 1704 bonos
428 1636 614 1704 detreetant.
1164 1657 1193 1708 :s
1243 1647 1244 1664 ³

144 1732 179 1788 tt
251 1723 398 1790 Metellus
420 1725 454 1793 in
469 1724 590 1790 eisdem
606 1725 716 1790 castris
734 1721 909 1810 quadriduo
924 1731 1063 1788 moratus
1079 1744 1153 1788 sau-

189 1812 254 1878 cios
277 1835 349 1878 eum
371 1833 447 1888 eure
466 1810 585 1894 reficit,
607 1811 737 1877 meritos
759 1811 794 1875 in
808 1807 937 1896 proeliis
958 1830 1046 1874 more
1067 1807 1153 1872 mili·

188 1899 251 1964 tine
271 1897 385 1982 donst,
414 1898 581 1964 univorsos
604 1897 638 1960 in
660 1897 808 1962 contione
836 1893 945 1960 laudat
966 1905 1061 1982 atque
1085 1896 1153 1980 agn

188 1985 320 2071 gretiam
341 1983 499 2068 hortetur,
523 1982 565 2050 sd
587 1992 711 2066 cetere,
735 2003 816 2069 quse
838 1979 924 2048 levia
945 1982 1016 2064 sint,
1038 2001 1153 2067 parem

188 2073 343 2138 animum*
355 2078 482 2157 gerant:
514 2091 572 2156 pro
602 2069 737 2134 vintoris
767 2068 844 2134 satis
872 2070 937 2132 iem
963 2075 1193 2154 pugnatum

162 2158 325 2245 ²reliquos
351 2156 478 2223 labores
509 2177 567 2242 pro
596 2153 717 2241 praede
746 2155 825 2223 fore.
869 2151 990 2218 Temen
1022 2153 1152 2218 interim

186 2244 365 2328 transfugas
383 2253 419 2308 ’et
440 2242 519 2308 alios
541 2250 728 2328 oportumos‚
752 2239 905 2327 Iugurtha
925 2238 982 2304 ubi
1007 2239 1152 2326 gentium
1243 2235 1244 2254 ¹

188 2339 242 2394 aut
263 2328 339 2415 quid
361 2329 507 2414 agituret,
531 2349 602 2392 eum
617 2328 771 2415 paucisne
795 2337 893 2410 esset,
917 2325 1153 2390 mexercitum

187 2414 336 2498 heberet,
357 2425 393 2478 ut
414 2436 485 2479 sese
514 2414 617 2480 vietus
647 2423 773 2500 gereret
780 2463 793 2498 2
825 2411 1025 2499 exploratum
1052 2411 1152 2476 misit.
1243 2447 1244 2460 κ

162 2500 232 2566 ⁸At
252 2500 306 2566 ille
329 2521 399 2566 sese
420 2501 455 2565 in
475 2498 547 2565 loee
568 2499 709 2564 saltuosa
732 2509 763 2564 et
784 2508 899 2565 nunna
920 2497 1040 2562 munita
1060 2515 1191 2568 reue-25
1243 2497 1244 2572 ζ

186 2595 293 2674 perat,
325 2585 434 2674 ibique
467 2585 601 2672 cogebat
623 2586 800 2652 exereitum
828 2605 959 2650 numero
985 2581 1153 2649 hominum
1243 2581 1244 2602 ³

186 2671 388 2760 ampliorem,
410 2671 469 2738 sed
477 2671 630 2748 *hebetem
648 2671 889 2824 infirmumque,
912 2669 981 2755 agri
1002 2690 1040 2734 ee
1053 2690 1151 2756 peso·

162 2761 230 2824 sris
250 2760 352 2845 magis
375 2781 470 2848 quam
491 2758 569 2826 belli
591 2758 754 2824 cultorem.
799 2757 817 2824 I
855 2778 894 2824 es
907 2755 1008 2842 gretia
1023 2755 1151 2820 evenie-

186 2845 255 2927 bat,
279 2845 363 2931 quod
384 2855 511 2932 praeter
532 2845 638 2931 regios
661 2845 784 2931 equites
807 2865 900 2909 nemo
922 2840 1063 2906 omnium
1083 2839 1151 2908 Nu·

186 2931 342 2998 miderum
374 2953 417 2997 ex
448 2931 524 3017 iuga
555 2951 666 3017 regem
698 2932 857 3017 sequutum
895 2949 956 3015 quo
995 2927 1190 3029 cuiusqueau

186 3019 310 3084 mimus
323 3017 394 3103 fert,
417 3039 455 3084 ee
471 3015 652 3100 diseedrmt3
676 3039 781 3104 neque
796 3016 831 3082 id
845 3015 1001 3102 flagitium
1014 3011 1149 3078 militiae

162 3103 328 3172 ‘duciturz
353 3105 399 3172 its
420 3126 456 3172 se
483 3125 588 3170 mores
614 3101 744 3168 habent.
788 3102 890 3188 Igitur
915 3097 1062 3166 Metellus
1092 3097 1151 3164 ubi

177 3183 272 3254 videt
296 3191 384 3282 regis
407 3193 571 3258 etiamtum
593 3189 734 3254 animum
755 3187 894 3253 ferocem
917 3207 1003 3268 esse,
1026 3181 1149 3250 bellum

185 3285 347 3383 renpvpri,
374 3269 467 3353 quod.
512 3277 575 3341 nisi
613 3297 656 3340 ex
687 3273 773 3340 illius
806 3272 949 3339 lubidine
981 3269 1051 3356 geri
1082 3293 1150 3336 nun

209 3376 294 3432 osset
339 3365 505 3451 praeterea
531 3361 652 3431 inicum
682 3369 843 3426 certamen
867 3357 928 3424 sibi
956 3379 1029 3422 eum
1049 3353 1190 3426 hosti-tt

186 3385 262 3534 lm,
291 3452 412 3516 minore
440 3449 628 3514 detrimento
655 3445 728 3512 illos
755 3447 842 3512 vinei
866 3467 960 3531 quum
982 3463 1055 3506 suos
1077 3442 1147 3508 vin·

187 3554 276 3617 uere,
310 3537 417 3600 statuit
444 3557 508 3600 non
537 3530 666 3617 proeliis
695 3553 799 3617 neque
827 3532 862 3596 in
884 3531 969 3612 aeis,
999 3525 1147 3594 sedulio
1243 3567 1244 3632 l
