2520 3966
365 189 593 261 rvevsrm
615 191 738 260 ἰθ-«ει
815 195 871 281 ’ᾗ
967 193 1030 262 ros

75 387 218 456 aequam,
241 376 395 456 peterent,
415 363 532 434 Graeci
546 389 565 434 o
588 369 705 434 tionem
721 364 1028 455 Carthaginiensium

74 457 210 539 faciunt,
233 465 270 520 ut
296 453 351 521 vel
371 453 433 538 illi,
461 476 540 542 quos
608 455 633 520 's
654 453 772 541 populo
788 476 852 521 suo
874 463 1027 543 peterent,

72 542 121 607 ibi
150 542 216 606 vivi
245 541 468 625 obruerentur,
504 540 558 607 vel
594 541 705 606 eadem
734 540 918 609 condicione
947 563 1027 626 sese,

95 649 171 692 uem
191 627 353 694 inlocum
373 627 502 713 vellent,
525 649 738 714 processuros.
782 627 927 694 Philaeni
956 630 1054 694 con-⁹

45 735 62 784 5
98 713 201 779 'cione
226 712 361 800 probata
389 734 486 801 seque
514 715 674 801 vitamque
705 735 793 779 suam
814 715 862 779 rei
882 712 1028 802 publicae

74 799 313 866 condonavere:
334 801 381 864 ita
400 800 467 864 vivi
489 799 602 865 obruti.
648 799 924 885 Carthaginienses
942 802 976 865 in
990 821 1028 866 eo
1039 787 1071 837 ¹⁰

73 885 146 952 loco
175 885 336 952 Philaenis
364 884 513 950 iratribus
542 909 612 952 aras
642 907 884 970 consecravere,
913 886 1028 974 aliique

73 971 138 1037 illis
162 971 247 1037 domi
268 971 404 1038 honores
426 973 568 1037 instituti.
612 971 705 1036 Nunc
726 970 768 1036 ad
788 993 856 1036 rem
876 972 982 1039 redeo.

159 1057 313 1144 Iugurtha
350 1066 518 1146 postquam
557 1059 673 1124 amissa
710 1057 812 1123 Thala
842 1057 922 1122 nihil
949 1059 1076 1123 sathan

31 1144 201 1221 10firmum
228 1153 339 1209 contra
366 1143 532 1210 Metellum
564 1154 668 1231 putat,
704 1166 763 1230 per
793 1166 925 1230 magnas
955 1143 1027 1208 soli-

72 1230 200 1296 tudines
238 1252 311 1294 cum
338 1231 449 1316 paucis
500 1229 639 1296 rofectus
691 1231 814 1296 ervenit
845 1230 887 1294 ad
912 1229 1028 1296 Gaetu-

72 1315 140 1399 los,
162 1338 263 1402 genus
284 1315 448 1382 hominum
482 1339 570 1381 erum
597 1253 812 1405 incultumque
838 1325 870 1381 et
892 1339 929 1383 eo
951 1326 1028 1382 tem-

71 1425 151 1490 pore
166 1405 312 1488 ignarum
325 1403 462 1468 nominis
477 1402 621 1469 Romani.
657 1402 778 1467 Eorum
797 1401 1053 1468 multitudinem²

71 1489 107 1553 in
139 1511 238 1554 unum
271 1490 356 1576 cogit
394 1511 432 1554 ac
463 1488 628 1577 paullatim
661 1488 871 1556 consuefacit
902 1489 1028 1555 ordines

32 1600 61 1650 15
71 1573 193 1640 habere
200 1623 209 1658 ,
238 1576 330 1660 signa
352 1597 387 1641 se
408 1577 456 1660 ui,
478 1578 647 1662 imperium
668 1575 847 1660 observare,
869 1575 947 1640 item
966 1574 1030 1642 alia

71 1660 225 1726 militaria
245 1661 360 1726 facere.
430 1671 574 1728 raeterea
601 1663 687 1748 regis
708 1661 830 1728 Bocchi
878 1670 1053 1730 roxumos³

11 1803 12 1824 2
71 1748 198 1833 magnis
219 1746 403 1813 muneribus
426 1757 458 1812 et
471 1748 642 1814 maioribus
657 1749 820 1834 promissis
891 1747 1029 1818 studium

11 1855 12 1872 ¹
73 1835 124 1899 sui
141 1832 295 1919 perducit,
318 1834 388 1920 quis
409 1834 603 1900 adiutoribus
622 1857 658 1900 re
682 1857 732 1901 em
746 1833 914 1920 adgressus
928 1835 962 1899 in
985 1832 1028 1898 el·

10 1924 12 2000 ᾗ
73 1918 121 2002 lit,
151 1921 199 1984 uti
226 1919 395 1986 advorsum
424 1919 583 1987 Romanos
606 1921 646 1986 be
671 1943 726 1984 um
746 1920 887 2006 incipiat.
929 1918 948 1985 I
991 1927 1051 1985 eat

10 2019 63 2082 '20
112 2006 178 2070 atis
198 2004 323 2071 facilius
344 2007 538 2094 proniusque
559 2006 633 2090 fuit,
662 2004 746 2094 quod
766 2003 914 2071 Bocchus
938 2004 1028 2070 initio

95 2094 206 2156 uiusce
246 2091 324 2158 belli
364 2090 486 2178 legatos
520 2091 654 2156 Romam
689 2092 819 2155 miserat
848 2090 960 2156 foedus
996 2096 1029 2154 et

74 2178 246 2242 amicitiam
273 2178 423 2264 petitum,
458 2199 552 2264 quam
578 2200 647 2243 rem
669 2177 954 2264 oportunissumam
980 2176 1052 2240 in·⁵

74 2273 167 2352 cepto
188 2263 274 2330 bello
295 2265 390 2350 pauci
410 2261 644 2349 inpediverant,
668 2264 755 2328 caeci
777 2262 926 2345 avaritia,
956 2262 1027 2350 quis

73 2351 196 2434 omnia,
220 2349 354 2416 honesta
374 2357 406 2415 at
427 2371 468 2414 ue
490 2347 669 2432 inhonesta,
697 2347 837 2418 vendere
857 2371 927 2414 mos
950 2356 1027 2414 erat.

28 2436 182 2510 25Etiam
196 2436 319 2502 anteaI
435 2456 473 2499 ae
487 2433 694 2501 filiaBoccho
712 2443 871 2521 nupserat.
908 2434 1053 2501 Verumo

72 2542 114 2590 ea
134 2521 335 2588 necessitudo
357 2520 444 2607 apud
459 2519 613 2586 Numidas
626 2521 816 2607 Maurosque
838 2519 919 2586 levis
941 2520 1027 2586 duci·

72 2617 141 2691 tur,
170 2610 245 2695 quia
273 2607 390 2693 singuli
409 2630 533 2694 -pro
562 2606 675 2694 opibus
704 2608 906 2695 quisque-
933 2630 1027 2694 quam

72 2695 237 2783 plmumas
258 2715 384 2777 uxores,
408 2692 506 2759 denas
529 2692 583 2758 alii
605 2693 659 2758 alii
680 2692 786 2779 plures
808 2692 937 2776 habent,
971 2692 1028 2758 sed

73 2803 167 2867 reges
191 2803 227 2846 eo
250 2779 395 2866 amplius.
438 2779 489 2846 Ita
510 2781 632 2844 animus
652 2778 853 2844 multitudine
882 2777 1051 2844 distrahi-7

29 2876 142 2945 sotem:
171 2866 260 2933 nulla
287 2888 345 2953 pro
376 2866 463 2932 socia
492 2864 625 2948 obtinet,
661 2866 779 2952 pariter
808 2887 917 2931 omnes
946 2864 1027 2932 viles

73 2962 158 3020 sunt.
206 2953 308 3039 Igitur
339 2953 374 3016 in
405 2951 511 3018 locum
543 2950 695 3017 ambobus
724 2950 876 3040 placitum
908 2952 1073 3021 exemi-St

72 3050 125 3107 tus
147 3041 354 3123 conveniunt3
394 3036 456 3121 ibi,
488 3035 552 3102 fide
584 3037 657 3102 data
689 3047 721 3103 et
742 3059 817 3104 acce
840 3049 888 3121 ta,
916 3037 1027 3122 Iugur-

73 3127 130 3194 tha
171 3125 293 3191 Bocchi
335 3125 476 3190 animum
521 3124 661 3188 oratione
706 3146 804 3190 accen
828 3125 867 3187 'tt
912 3123 1027 3188 Roma·

73 3235 133 3283 nos
159 3213 309 3288 iniustos,
338 3208 496 3301 profunda
517 3211 661 3295 avaritia,
690 3209 864 3276 communie
887 3210 1027 3274 omnium

31 3299 173 3375 sshcstis
195 3318 281 3372 esse;
304 3293 531 3363 eandem-illos
554 3317 697 3362 caussam
717 3293 795 3360 belli
812 3317 884 3360 cum
897 3292 1025 3360 Boccho

73 3383 203 3468 habere,
226 3404 443 3470 quamsecum
457 3390 490 3448 et
504 3403 576 3448 cum
590 3381 660 3447 aliis
674 3381 830 3468 gentihus,
851 3383 1026 3446 lubidinem

74 3467 294 3559 umpen'tsndi,
322 3471 392 3559 quis
422 3490 529 3538 omma
555 3490 654 3554 regna
682 3466 817 3534 advorsa
845 3468 923 3552 sint3
958 3476 1026 3533 tum
