2520 3966
178 305 219 374 68
465 303 692 371 NGVRTHA
714 303 842 370 29-30

179 479 278 566 cipio,
299 478 461 567 plerisque
484 501 525 542 ex
546 478 682 544 faotione
697 479 765 544 cius
781 479 950 566 corruptis,
973 501 1139 546 acerrume

178 588 213 632 re

214 588 287 717 gem
318 567 562 653 inpugnaverat,
595 575 702 630 tamen
732 565 949 650 magnitudine
981 568 1139 652 pecuniae
1248 633 1249 646 ,

156 668 198 716 aa
242 673 302 717 ono
325 652 520 738 honestoque
541 653 575 716 in
604 675 738 738 pravum
765 651 941 716 abstractus
970 661 1026 716 est.
1072 653 1141 718 Sed
1248 647 1249 716 l

177 738 330 824 Iugurtha
350 739 453 824 primo
469 737 684 803 tantummodo
706 737 785 803 belli
806 761 928 802 moram
948 738 1138 823 redimebat,
1248 745 1249 754 ³

178 827 386 908 existumans,
417 847 487 889 sese
514 824 635 912 aliquid
662 826 788 889 interim
809 824 929 889 Romae
958 827 1060 910 pretio
1084 835 1164 904 aut5

179 913 280 997 gratia
302 913 502 996 effecturum
525 920 637 997 postea
656 933 734 975 vero
757 933 852 998 quam
873 911 1060 998 participem
1083 935 1139 978 ne-

178 999 244 1083 goti
267 996 420 1062 Scaurum
442 999 581 1086 aceepit,
603 998 638 1061 in
658 1020 841 1062 maxumam
870 1020 960 1084 spem
981 997 1139 1064 adductus

178 1106 253 1148 recu
277 1085 413 1149 arandae
428 1085 530 1171 pacis,
554 1084 662 1150 statuit
684 1106 756 1148 cum
779 1085 824 1149 eis
848 1083 887 1148 de
903 1083 1048 1149 omnibus
1063 1107 1139 1171 pac-

154 1107 315 1236 ttionibus
330 1193 482 1257 praesens
498 1194 517 1235 a
540 1193 602 1236 ere.
635 1169 784 1237 Ceterum
798 1172 920 1234 interea
934 1169 1009 1234 fidei
1024 1193 1141 1236 caussa

178 1258 310 1322 mittitur
331 1281 351 1322 a
373 1257 502 1322 consule
517 1195 653 1324 gSextius
677 1266 824 1344 quaestor
857 1258 890 1320 in
913 1256 1065 1343 oppidum
1086 1257 1183 1333 Iu-10

178 1343 311 1430 gurthae
330 1343 472 1430 Vagam,
495 1345 584 1408 euius
606 1345 652 1409 rei
676 1367 690 1407 s
715 1345 798 1408 ecies
821 1353 889 1408 erat
910 1344 1052 1429 acceptio
1074 1345 1140 1410 fm-

178 1431 293 1513 menti,
327 1431 412 1517 quod
435 1429 624 1516 Calpurnius
647 1368 754 1516 palam
781 1430 893 1515 legatis
915 1431 1139 1516 imperaverat,

155 1517 326 1603 5quoniam
349 1517 516 1582 deditionis
539 1539 628 1581 mora
649 1516 790 1581 indutiae
806 1515 1014 1600 agitabantur.
1036 1516 1140 1602 Igitur

178 1625 252 1686 rex,
286 1603 332 1666 uti
355 1604 575 1686 constituerat,
610 1605 643 1666 in
674 1613 779 1667 castra
808 1603 913 1686 renit,
948 1625 1001 1684 ae,
1034 1625 1142 1688 pauca

178 1690 338 1776 praesenti
361 1689 492 1753 consilio
515 1688 637 1754 locutus
661 1689 701 1753 dc
723 1687 844 1753 invidia
869 1687 944 1752 sacti
972 1689 1020 1752 sui
1043 1698 1139 1775 atque
1154 1717 1183 1765 15

178 1777 225 1840 uti
246 1777 279 1839 in
312 1775 505 1841 deditionem
532 1776 742 1862 acciperetur,
776 1774 901 1864 reliqua
928 1796 999 1841 cum
1027 1774 1141 1843 Bestia

180 1872 210 1926 ct
232 1861 352 1928 Scauro
376 1872 499 1928 secreto
519 1863 682 1947 transigit3
712 1861 786 1927 dein
815 1872 941 1949 postero
972 1863 1024 1929 die
1047 1867 1141 1951 quasi

177 1971 236 2036 per
258 1959 396 2014 saturam
418 1949 582 2015 sententiis
605 1949 770 2036 exquisitis
792 1949 826 2014 in
842 1949 1034 2016 deditionem
1056 1953 1140 2017 acci-

153 2037 270 2122 tpitur.
294 2035 368 2120 Sed,
391 2036 435 2101 uti
450 2059 508 2123 pro
525 2034 656 2101 consilio
671 2036 860 2122 imperatum
878 2046 954 2120 erat,
979 2037 1141 2124 stephano
1248 2021 1249 2104 ζ

177 2124 323 2209 triginta,
353 2144 451 2209 pecus
474 2132 568 2212 atquc
591 2123 665 2208 equi
686 2121 777 2185 multi
799 2143 871 2186 eum
892 2145 992 2209 parvo
1016 2126 1141 2210 argenti
1151 2151 1185 2201 20
1248 2175 1249 2186 .

154 2209 319 2296 spondere
342 2210 502 2295 quaestori
523 2207 698 2274 traduntur.
729 2207 920 2295 Calpurnius
942 2209 1077 2275 Romam
1099 2211 1142 2275 ad

177 2297 380 2382 magistratus
411 2296 570 2382 rogandos
599 2295 818 2381 proficiscitur.
862 2295 902 2360 In
929 2295 1081 2362 Numidia
1108 2307 1142 2362 et

179 2382 321 2446 exercitu
341 2390 449 2447 nostro
470 2405 537 2470 pax
559 2379 745 2466 agitabatur.

128 2485 169 2538 au
242 2468 414 2553 Postquam
443 2491 494 2533 res
528 2469 561 2532 in
591 2467 699 2531 Africa
731 2475 853 2554 gestas,
889 2490 1013 2555 quoque
1044 2468 1141 2534 modo

181 2562 270 2620 actae
285 2554 396 2637 forent,
419 2553 504 2618 fama
519 2553 702 2638 divolgavit,
725 2553 846 2619 Romae
860 2576 918 2640 per
933 2553 1035 2618 omnis
1050 2554 1140 2619 locos
1152 2576 1184 2626 25

180 2651 212 2707 et
233 2649 408 2706 conventus
431 2640 471 2705 de
493 2639 577 2705 facto
594 2640 731 2705 consulis
747 2641 869 2727 agitari.
899 2639 996 2727 Apud
1010 2639 1142 2726 plebem

179 2728 286 2814 gravis
318 2725 455 2811 invidia,
489 2736 595 2816 patres
631 2726 757 2791 solliciti
787 2735 892 2813 erant3
925 2725 1141 2812 probarentne

179 2823 301 2879 tantum
316 2812 488 2900 flagitium,
511 2836 552 2878 an
575 2813 736 2878 decretum
752 2812 890 2878 consulis
907 2812 1140 2897 subverterent,

148 2923 291 2988 sparum
312 2899 487 2966 constabat.
530 2900 580 2964 Ac
600 2922 749 2965 maxume
778 2922 831 2965 eos
853 2899 995 2985 potentia
1016 2898 1140 2984 Scauri,
1248 2953 1249 2974 ,

180 2986 314 3074 quodie
337 2996 447 3053 auctor
468 2997 500 3051 et
521 2986 624 3052 socius
646 2985 774 3052 Bestiae
804 2986 981 3070 ferebatur,
1015 3009 1035 3049 a
1060 3009 1185 3058 veroao
1248 3005 1249 3052 t

154 3072 326 3161 ebenoque
355 3072 547 3162 inpediebat.
585 3073 629 3137 At
658 3071 756 3138 Gaius
778 3072 961 3155 Memmius,
985 3073 1074 3136 euius
1098 3072 1141 3136 de

179 3160 324 3226 libertate
357 3160 465 3247 ingeni
499 3170 531 3225 ct
557 3159 629 3225 odio
658 3159 817 3247 potentiae
846 3157 1019 3244 nobilitatis
1043 3181 1142 3245 supra

180 3246 331 3331 diximus,
367 3248 449 3313 inter
483 3245 710 3311 dubitationem
743 3255 774 3312 et
803 3268 907 3311 moras
938 3245 1038 3310 senati
1065 3268 1140 3310 con-

179 3334 317 3399 tionibus
355 3334 484 3420 epulum
499 3331 540 3397 ad
561 3330 786 3397 vindicandum
801 3331 929 3416 hortari,
952 3353 1082 3396 monere
1096 3353 1139 3394 ne

179 3441 246 3483 rem
268 3356 429 3570 publicam
450 3441 491 3484 ne
513 3417 692 3484 libertatem
717 3441 807 3484 suam
821 3418 1014 3501 desererent,
1039 3415 1182 3489 multata

180 3525 317 3590 supera
343 3513 375 3570 ct
402 3505 543 3569 crudelia
573 3505 714 3570 facinora
745 3504 918 3570 nobilitatis
952 3503 1138 3570 ostendere:

180 3611 309 3678 prorsus
320 3589 458 3655 intentus
468 3591 553 3655 omni
565 3590 658 3656 modo
666 3589 770 3677 plebis
783 3590 922 3657 animum
933 3587 1138 3657 accendebat
