2520 3966
186 327 247 392 142
479 323 644 391 ORATIO
667 319 843 390 OOTTAE

158 521 174 571 e
249 497 405 567 Consules
431 521 490 566 nos
522 498 657 583 fecistis,
692 496 851 581 Quirites,
886 495 973 563 domi
997 491 1139 644 belh‘qurse

183 585 428 672 impeditissuma
448 607 484 651 re
505 583 643 672 publiea.
669 584 815 673 Namque
841 583 1050 670 imperatores
1101 579 1139 628 '-

183 673 299 758 pariae
322 672 515 759 stipendium
536 670 662 756 milites,
679 693 768 737 arma
781 670 975 736 frumentum
987 673 1139 754 poscunt3

184 765 216 822 et
244 757 278 822 id
309 779 363 825 res
390 759 489 847 cogit,
524 759 673 846 quoniam
688 789 691 796 ·
706 757 883 824 defectione
917 756 1077 822 sociorum
1110 761 1142 818 et

183 842 304 910 Sertori
324 866 384 932 per
408 845 524 913 montis
551 844 628 932 liuga
656 866 761 933 neque
793 865 891 909 manu
919 849 1041 908 certare
1068 855 1164 925 pos-s

158 937 258 995 tsunt
277 952 383 1018 neque
404 932 496 998 utilia
516 953 637 1018 parare.
665 929 834 999 Exercitus
856 929 891 994 in
911 928 992 993 Asia
1014 924 1142 991 Cilicia·

204 1039 245 1082 ue
267 1014 308 1082 ob
330 1018 446 1084 nimias
469 1039 545 1104 opes
566 1015 760 1083 Mithridatis
783 1015 927 1098 aluntur,
949 1011 1143 1080 Macedonia

181 1124 277 1188 pena
302 1102 441 1170 hostium
473 1112 535 1187 est,
557 1125 620 1170 nee
643 1104 747 1170 minus
780 1101 892 1168 Italiae
918 1100 1088 1166 marituma
1110 1107 1143 1163 ct

181 1189 432 1338 provinciarum
454 1212 527 1256 cum
548 1190 675 1254 interim
700 1187 869 1276 vectigaiia
894 1209 993 1274 parva
1021 1193 1053 1250 et
1072 1183 1143 1250 bel·

195 1275 220 1339 ’s
246 1276 369 1344 incerta
401 1277 459 1344 vix
479 1277 513 1342 X
538 1286 663 1364 partem
682 1285 865 1362 sumptuum
882 1273 1064 1350 ,sustinentz
1096 1271 1144 1336 ita
1155 1295 1181 1345 ιο

181 1359 294 1447 classe,
318 1385 400 1452 quae
422 1373 614 1430 commeatus
636 1360 801 1445 tuebatur,
823 1362 946 1428 minore
968 1381 1061 1462 quam
1085 1380 1142 1424 an·

156 1457 234 1526 ntea
253 1451 453 1536 navigamus.
502 1450 595 1516 Haec
622 1449 650 1514 si
676 1447 749 1514 dolo
776 1455 831 1514 aut
859 1446 1005 1514 socordm
1029 1453 1143 1512 nostra

182 1543 344 1600 contracta
367 1545 455 1620 sunt,
479 1537 564 1624 agite
591 1544 626 1601 ut
647 1543 755 1602 monet
780 1536 846 1618 ira,
876 1532 1067 1620 supplicium
1089 1554 1141 1598 su·

181 1622 280 1686 mite:
304 1622 354 1685 sin
376 1621 503 1688 fortuna
525 1622 699 1698 communis
722 1621 865 1706 asperior
887 1629 944 1704 est,
969 1641 1070 1707 quare
1092 1619 1142 1684 in·

183 1705 280 1794 digna
300 1705 392 1774 vobis
413 1707 571 1812 nobisque
592 1717 624 1775 et
644 1731 680 1774 re
701 1704 830 1794 public-a
851 1705 1016 1792 incipitis?
1153 1723 1181 1774 15

157 1807 173 1857 a
245 1792 353 1882 Atque
374 1817 444 1884 ego,
473 1818 563 1862 emus
591 1796 687 1861 aetati
718 1815 805 1859 mors
826 1795 957 1881 propior
984 1801 1045 1877 est,
1073 1816 1140 1862 non

182 1879 349 1968 deprecor,
373 1881 480 1970 siquid
506 1906 545 1950 ea
565 1879 658 1948 vobis
685 1879 877 1947 incommodi
904 1879 1062 1946 demitur:
1085 1903 1141 1946 ne·

143 1967 1142 2122 ,0tttttttgttstttttttttqtttttitt

181 2139 302 2225 eonsu13
314 2140 396 2207 facio
412 2141 497 2230 quod
513 2163 608 2228 saepo
621 2141 756 2207 maiores
772 2140 894 2228 asperia
909 2138 1003 2206 bellis
1016 2138 1139 2208 fecere:
1151 2160 1182 2210 ro

180 2248 283 2294 voveo
306 2225 453 2315 dedoque
474 2250 526 2293 me
551 2250 611 2314 pro
636 2250 672 2294 re
693 2225 886 2315 publica—
923 2249 996 2293 uam
1023 2225 1140 2294 deinde

142 2348 171 2396 11
183 2313 235 2378 oui
256 2312 413 2378 mandetis
436 2315 686 2401 circumspicite:
708 2335 784 2379 nam
805 2311 901 2378 talem
938 2334 1069 2379 onorem
1083 2313 1140 2380 bo-

181 2419 243 2463 nus
264 2421 358 2465 nemo
378 2399 480 2484 volet,
504 2423 576 2465 cum
597 2400 742 2468 fortunae
769 2409 802 2466 et
822 2400 920 2466 maris
943 2408 976 2464 et
996 2398 1076 2466 belli
1097 2400 1139 2466 ab

182 2481 253 2548 aliis
281 2486 343 2551 aeti
375 2487 456 2552 ratio
487 2486 654 2554 reddunda
686 2496 740 2552 aut
767 2487 903 2572 turpiter
934 2486 1140 2553 moriundum

144 2570 232 2642 12sit.
276 2571 508 2639 Tantummodo
540 2575 574 2638 in
601 2574 715 2638 animis
747 2570 895 2639 habetote
926 2594 990 2638 non
1016 2595 1069 2639 me
1096 2572 1182 2640 obas

183 2655 287 2723 scelus
309 2668 363 2724 aut
384 2661 549 2725 avaritiam
571 2682 709 2744 caesum,
734 2659 791 2726 sed
812 2658 972 2725 volentem
1014 2682 1052 2727 ro
1072 2681 1139 2725 ma·

143 2743 286 2818 raxumis
312 2743 469 2812 benificiis
503 2748 639 2812 animam
672 2747 755 2813 dono
785 2745 921 2812 dedisse.
967 2787 970 2798 ·
1007 2768 1043 2812 er
1067 2769 1138 2831 vos,

183 2828 341 2916 Quirites,
371 2841 403 2900 et
429 2831 564 2920 gloriam
588 2834 760 2916 maiorum,
788 2830 920 2900 tolerate
947 2832 1084 2899 advorsa
1106 2842 1140 2900 et

142 2941 174 2993 u
182 2917 336 2984 consulite
363 2921 412 2984 rei
436 2917 599 3006 publicae!
621 2919 723 2985 Multa
750 2940 828 2986 eura
854 2940 976 2986 summo
1001 2920 1138 3006 imperio

180 3006 279 3089 inest,
301 3005 393 3072 multi
414 3007 561 3108 ingentes
588 3004 730 3090 labores,
758 3027 839 3092 quos
864 3007 1060 3094 nequiquam
1082 3003 1183 3082 abae

180 3093 288 3177 nuitis,
312 3091 370 3157 sed
390 3113 479 3180 pacm
502 3092 695 3180 opulentiam
725 3092 898 3180 quaeritis,
932 3114 1005 3158 eum
1026 3113 1138 3160 omnes

181 3179 365 3330 prololsl’ineiae
386 3200 496 3268 regna,
519 3180 621 3248 maria
641 3188 812 3267 terraeque
839 3199 954 3265 aspera
973 3187 1030 3245 aut
1051 3178 1139 3246 fessa

205 3266 275 3331 e's
299 3267 371 3330 sint.

562 3441 762 3462 mm-

1131 3462 1162 3518 ‘t'
