2502 3968
229 238 270 304 28
525 231 731 298 OATILINA
752 229 885 295 45-47

225 417 310 476 tatus
333 405 586 494 deprehendant3
607 427 676 469 rem
698 425 824 470 omnem
838 402 956 490 aperit,
979 403 1067 469 cuius
1083 420 1189 490 gratis

228 495 445 562 mittebantur:
481 500 601 574 cetera,
634 491 681 555 uti
708 491 791 554 tacto
821 511 901 576 opus
930 490 987 574 sit,
1015 492 1061 556 ita
1090 501 1189 576 agant

208 581 410 670 t[permittitl.
439 578 501 662 Illi,
524 577 667 642 homines
681 575 843 660 militares,
860 578 929 642 sine
944 577 1080 642 tumultu
1094 599 1189 663 prae·

230 669 317 734 sidiis
339 664 518 746 collocatis,
541 664 633 728 sicuti
653 671 857 749 pracceptum
878 671 945 728 erat
967 661 1089 727 occulte
1133 686 1188 729 on-

205 765 293 822 ttem
316 750 474 818 obsidunt.
508 750 680 836 Postquam
701 748 743 814 ad
764 747 799 812 id
819 747 882 814 loci
903 749 1001 834 legati
1022 771 1096 812 cum
1144 749 1209 820 obs
1242 803 1243 806 ι

229 841 329 905 turcio
351 859 469 902 venere
493 844 524 900 et
546 834 639 900 simul
660 836 818 922 utrimque
840 835 960 899 clamor
975 844 1104 899 exortus
1129 844 1188 919 est,
1242 815 1243 856 l

231 924 333 1007 Galli,
361 925 423 988 cito
446 923 571 1007 cognito
595 921 740 1003 consilio,
771 922 841 986 sine
869 942 960 984 mora
986 919 1189 1007 praetoribus

204 1029 265 1078 ose
297 1009 439 1091 tradunt,
474 1007 655 1073 Volturcius
709 1009 805 1088 rimo,
840 1006 1019 1071 cohortatus
1053 1015 1190 1092 ceteros,

230 1096 336 1183 gladio
358 1117 392 1160 se
415 1117 434 1158 a
455 1092 653 1158 multitudine
676 1031 708 1156 d)
716 1091 824 1176 iendit,
848 1091 972 1175 deinde,
994 1090 1051 1156 ubi
1068 1115 1089 1156 a
1103 1093 1191 1179 lega·

229 1185 269 1248 tis
292 1182 434 1246 desertus
458 1188 521 1264 est,
544 1179 643 1243 multa
663 1179 750 1264 prius
774 1178 813 1242 de
841 1178 942 1243 salute
970 1200 1028 1242 sua
1047 1177 1128 1242 Pom
1153 1180 1190 1244 ti-
1204 1202 1228 1250 ιι

228 1292 304 1332 num
327 1267 500 1332 obtestatus
523 1264 608 1351 quod
629 1265 660 1329 ei
679 1274 771 1328 notus
788 1273 864 1347 erat,
884 1273 1043 1351 postremo
1058 1201 1192 1330 timidus

230 1377 267 1420 ac
283 1355 367 1418 vitae
382 1351 528 1416 diffidens
540 1350 628 1417 velut
638 1349 780 1416 hostibus
796 1371 867 1416 sese
877 1350 1075 1438 praetoribus
1092 1351 1191 1416 dedit.

143 1447 147 1456 '
185 1454 219 1510 tt
294 1437 418 1518 Quibus
439 1436 534 1502 rebus
557 1437 724 1520 confectis,
747 1437 854 1500 omnia
873 1459 1009 1522 propere
1030 1459 1089 1524 per
1110 1461 1192 1502 nun-

204 1527 289 1590 2tios
311 1521 434 1589 consuli
456 1522 665 1587 declarantem.
698 1523 742 1588 At
763 1522 854 1589 illum
874 1525 987 1608 iugens
1003 1545 1079 1587 cura
1094 1532 1192 1672 atque

229 1611 349 1675 laetitia
375 1608 469 1674 simul
497 1630 710 1694 occupavere:
746 1631 821 1672 nam
852 1607 1038 1688 [laetabatur
1066 1609 1134 1673 inte
1149 1609 1192 1674 le·
1205 1627 1231 1678 15

230 1702 318 1782 gens]
343 1693 557 1760 couiruatione
578 1694 737 1781 patefacta
759 1696 918 1759 civitatem
933 1693 1083 1781 periculis
1101 1716 1192 1798 erep-

229 1793 294 1848 tam
315 1802 403 1866 esse,
434 1801 530 1932 porro
560 1790 664 1844 autem
694 1781 817 1860 [anxius
847 1789 915 1845 erat
947 1779 1125 1862 dubitans1,
1159 1803 1194 1845 ιιι

230 1891 379 1934 maxumo
391 1888 444 1933 sce
458 1889 511 1934 ere
522 1869 616 1932 anns
633 1866 755 1931 civibus
771 1866 810 1930 de
833 1866 975 1931 rehensis
983 1915 992 1949 ,
1016 1865 1093 1952 quid
1107 1866 1194 1931 facto

233 1978 311 2042 opus
335 1959 458 2039 [ceseth
480 1975 615 2040 poenam
637 1951 763 2016 illorum
786 1889 847 2016 sibi
862 1953 960 2035 oneri,
981 1953 1194 2038 inpunitatem

208 2059 222 2108 ³
255 2041 415 2106 erdundae
436 2041 484 2104 rei
504 2039 652 2126 publicae
672 2038 740 2102 fore
763 2039 944 2120 [credebat].
988 2039 1090 2122 Igitur
1118 2060 1231 2108 con-ro

232 2067 355 2192 bruneto
378 2128 482 2191 animo
504 2127 612 2190 vocari
635 2122 676 2188 ad
697 2143 769 2190 sese
790 2123 878 2189 iubet
890 2123 1061 2189 Lentulum
1077 2123 1194 2190 Cethe-

233 2236 325 2298 gum,
349 2211 507 2278 Statilium
523 2211 703 2292 Gabinium,
726 2211 802 2275 item
819 2208 1009 2295 Caeparium
1032 2210 1193 2296 quendam

233 2299 513 2382 Tarracinensem,
542 2299 595 2383 qui
616 2299 650 2360 in
671 2295 701 2361 A
724 2294 822 2360 uliam
849 2295 890 2359 ad
916 2295 1104 2361 concitanda
1127 2318 1193 2359 ser-

209 2385 312 2450 tvitia
332 2383 491 2469 proficisci
535 2383 654 2447 arabat.
700 2319 806 2446 deteri
836 2383 904 2446 sine
933 2403 1024 2446 mora
1045 2382 1194 2465 veniunt3

236 2467 426 2555 Caeparius,
472 2405 555 2532 aullo
578 2477 650 2532 ante
679 2469 771 2532 domo
795 2489 958 2552 egressus,
989 2468 1114 2552 cognito
1146 2468 1232 2531 in-tt

209 2554 317 2619 edicio
341 2559 393 2634 [ex
415 2491 503 2634 urbe]
527 2554 718 2639 profugerat.
763 2552 883 2619 Consul
904 2553 1083 2636 Lentulum,
1108 2553 1196 2638 quod

233 2648 361 2727 praetor
383 2649 463 2722 erat,
487 2641 555 2725 ipse
570 2662 666 2702 manu
681 2649 792 2704 teneus
810 2641 852 2716 [in
868 2647 1020 2716 senatum!
1036 2638 1194 2724 perducit,

235 2725 372 2810 reliquos
396 2747 468 2789 cum
483 2725 666 2790 custodibus
681 2726 715 2788 in
731 2724 842 2788 aedem
857 2723 1054 2790 Concordiae
1072 2727 1194 2805 [venire

210 2810 347 2890 oiubet}:
370 2831 408 2874 eo
424 2820 568 2874 senatum
583 2811 726 2893 advocat,
741 2833 919 2896 magnaque
934 2811 1112 2896 frequentia
1124 2813 1193 2876 eius

235 2895 353 2962 ordinis
375 2894 574 2961 Volturcium
596 2919 668 2960 cum
696 2895 810 2982 legatis
837 2895 1009 2980 introduci,
1039 2897 1194 2962 Flaccum
1204 2917 1230 2964 ao

233 2987 412 3069 praetorem
434 2982 584 3045 scrinium
606 3003 677 3046 oum
699 2982 827 3065 litteris,
858 3000 935 3070 quas
966 2982 1119 3068 elegatis
1142 3005 1193 3047 ac
1242 2967 1243 3058 l

187 3083 223 3140 47
235 3075 375 3153 ceperat,
400 3066 511 3134 eodem
524 3067 647 3132 adferre
661 3067 758 3132 iubet.
785 3068 966 3134 Volturcius
982 3070 1193 3154 interrogatus
1242 3059 1243 3094 ³

235 3154 275 3217 de
304 3153 433 3238 itinere,
463 3153 502 3217 de
532 3153 657 3236 litteris,
689 3162 849 3240 postremo
880 3154 955 3240 quid
985 3163 1038 3218 aut
1067 3155 1193 3240 quade

235 3260 348 3303 caussa
377 3239 490 3305 consili
516 3238 694 3323 habuisset,
727 3240 828 3326 primo
855 3240 975 3326 fingere
999 3239 1076 3322 alia,
1101 3239 1193 3304 dissi-

236 3323 356 3388 mulare
372 3324 412 3388 de
428 3325 659 3409 coniuratione3
680 3334 762 3412 post,
784 3325 839 3389 ubi
860 3324 923 3388 fide
936 3325 1066 3411 publica
1085 3325 1216 3390 diceret

237 3412 339 3474 iussus
362 3418 427 3495 est,
450 3411 555 3476 omnia
575 3411 621 3475 uti
643 3419 732 3496 gesta
759 3419 848 3476 erant
876 3433 895 3474 a
918 3412 990 3476 erit:
1014 3410 1193 3497 [docetque]

238 3517 273 3559 se
294 3497 403 3576 paucis
426 3505 498 3562 cute
520 3495 632 3563 diebus
654 3495 825 3563 aGabinio
847 3503 879 3561 et
894 3431 1048 3570 bacuane
1071 3497 1194 3563 socium
