<?xml version="1.0" encoding="UTF-8"?>
<!DOCTYPE html PUBLIC "-//W3C//DTD XHTML 1.0 Transitional//EN"
    "http://www.w3.org/TR/xhtml1/DTD/xhtml1-transitional.dtd">
<html xmlns="http://www.w3.org/1999/xhtml" xml:lang="en" lang="en">
 <head>
  <title>
</title>
<meta http-equiv="Content-Type" content="text/html;charset=utf-8" />
  <meta name='ocr-system' content='tesseract 3.04.00' />
  <meta name='ocr-capabilities' content='ocr_page ocr_carea ocr_par ocr_line ocrx_word'/>
</head>
<body>
  <div class='ocr_page' id='page_1' title='image "./catilinaiugurth00linkgoog_0149.png"; bbox 0 0 2520 3966; ppageno 0'>
   <div class='ocr_carea' id='block_1_1' title="bbox 196 195 888 273">
    <p class='ocr_par' dir='ltr' id='par_1_1' title="bbox 196 195 888 273">
     <span class='ocr_line' id='line_1_1' title="bbox 196 195 888 273; baseline -0.006 0"><span class='ocrx_word' id='word_1_1' title='bbox 196 197 262 273; x_wconf 65' lang='lat' dir='ltr'>U</span> <span class='ocrx_word' id='word_1_2' title='bbox 471 195 700 270; x_wconf 76' lang='lat' dir='ltr'><strong>lvevm&#39;fls</strong></span> <span class='ocrx_word' id='word_1_3' title='bbox 722 197 888 269; x_wconf 80' lang='lat' dir='ltr'><strong>too-tor</strong></span> 
     </span>
    </p>
   </div>
   <div class='ocr_carea' id='block_1_2' title="bbox 175 373 1200 1936">
    <p class='ocr_par' dir='ltr' id='par_1_2' title="bbox 175 373 1158 1217">
     <span class='ocr_line' id='line_1_2' title="bbox 198 373 1153 480; baseline -0.002 -38"><span class='ocrx_word' id='word_1_4' title='bbox 198 376 282 478; x_wconf 70' lang='lat' dir='ltr'><strong>citur</strong></span> <span class='ocrx_word' id='word_1_5' title='bbox 301 379 412 464; x_wconf 80' lang='lat' dir='ltr'><strong>quael:</strong></span> <span class='ocrx_word' id='word_1_6' title='bbox 586 383 798 442; x_wconf 70' lang='lat' dir='ltr'><strong>commeatum</strong></span> <span class='ocrx_word' id='word_1_7' title='bbox 817 377 853 442; x_wconf 88' lang='lat' dir='ltr'><strong>in</strong></span> <span class='ocrx_word' id='word_1_8' title='bbox 874 373 1003 480; x_wconf 73' lang='lat' dir='ltr'><strong>oppidis</strong></span> <span class='ocrx_word' id='word_1_9' title='bbox 1023 373 1153 478; x_wconf 76' lang='lat' dir='ltr'><strong>marim·</strong></span> 
     </span>
     <span class='ocr_line' id='line_1_3' title="bbox 198 462 1156 656; baseline -0.002 -41"><span class='ocrx_word' id='word_1_10' title='bbox 198 484 271 615; x_wconf 64' lang='lat' dir='ltr'><strong>ii.</strong></span> <span class='ocrx_word' id='word_1_11' title='bbox 288 471 646 652; x_wconf 51' lang='lat' dir='ltr'><strong>ffmfflffi,</strong></span> <span class='ocrx_word' id='word_1_12' title='bbox 659 462 692 528; x_wconf 55' lang='grc' dir='ltr'>Π</span> <span class='ocrx_word' id='word_1_13' title='bbox 754 469 1156 656; x_wconf 40' lang='lat' dir='ltr'><strong>{diewini</strong></span> 
     </span>
     <span class='ocr_line' id='line_1_4' title="bbox 201 806 1158 897; baseline 0.002 -25"><span class='ocrx_word' id='word_1_14' title='bbox 201 806 410 874; x_wconf 76' lang='lat' dir='ltr'><strong>lusitanlius</strong></span> <span class='ocrx_word' id='word_1_15' title='bbox 441 831 515 874; x_wconf 87' lang='lat' dir='ltr'><strong>eum</strong></span> <span class='ocrx_word' id='word_1_16' title='bbox 540 809 753 876; x_wconf 72' lang='lat' dir='ltr'><strong>funditoribus</strong></span> <span class='ocrx_word' id='word_1_17' title='bbox 783 810 1031 897; x_wconf 79' lang='lat' dir='ltr'><strong>otsagittariis,</strong></span> <span class='ocrx_word' id='word_1_18' title='bbox 1063 829 1158 894; x_wconf 84' lang='lat' dir='ltr'><strong>prae·</strong></span> 
     </span>
     <span class='ocr_line' id='line_1_5' title="bbox 199 893 1158 983; baseline 0 -24"><span class='ocrx_word' id='word_1_19' title='bbox 199 893 818 983; x_wconf 79' lang='lat' dir='ltr'><strong>tereaoobortisligurumeurabst3</strong></span> <span class='ocrx_word' id='word_1_20' title='bbox 886 898 1158 962; x_wconf 79' lang='lat' dir='ltr'><strong>&#39;osetextre-</strong></span> 
     </span>
     <span class='ocr_line' id='line_1_6' title="bbox 199 980 1158 1072; baseline -0.001 -26"><span class='ocrx_word' id='word_1_21' title='bbox 199 1000 270 1047; x_wconf 84' lang='lat' dir='ltr'><strong>mos</strong></span> <span class='ocrx_word' id='word_1_22' title='bbox 401 982 561 1070; x_wconf 83' lang='lat' dir='ltr'><strong>expeditis</strong></span> <span class='ocrx_word' id='word_1_23' title='bbox 592 983 764 1072; x_wconf 82' lang='lat' dir='ltr'><strong>manipulis</strong></span> <span class='ocrx_word' id='word_1_24' title='bbox 858 1005 940 1051; x_wconf 88' lang='lat' dir='ltr'><strong>unos</strong></span> <span class='ocrx_word' id='word_1_25' title='bbox 976 980 1158 1064; x_wconf 82' lang='lat' dir='ltr'><strong>loeaverat3</strong></span> 
     </span>
     <span class='ocr_line' id='line_1_7' title="bbox 175 1064 1158 1217; baseline 0.001 -86"><span class='ocrx_word' id='word_1_26' title='bbox 175 1064 370 1217; x_wconf 53' lang='lat' dir='ltr'><strong>ageriugue,</strong></span> <span class='ocrx_word' id='word_1_27' title='bbox 401 1071 542 1135; x_wconf 83' lang='lat' dir='ltr'><strong>minume</strong></span> <span class='ocrx_word' id='word_1_28' title='bbox 564 1072 629 1135; x_wconf 87' lang='lat' dir='ltr'><strong>cari</strong></span> <span class='ocrx_word' id='word_1_29' title='bbox 664 1081 698 1136; x_wconf 83' lang='lat' dir='ltr'><strong>et</strong></span> <span class='ocrx_word' id='word_1_30' title='bbox 787 1071 896 1136; x_wconf 87' lang='lat' dir='ltr'><strong>&#39;onum</strong></span> <span class='ocrx_word' id='word_1_31' title='bbox 931 1067 1158 1150; x_wconf 65' lang='lat' dir='ltr'><strong>seientimumi,</strong></span> 
     </span>
    </p>

    <p class='ocr_par' dir='ltr' id='par_1_3' title="bbox 175 1151 1200 1590">
     <span class='ocr_line' id='line_1_8' title="bbox 222 1151 1200 1243; baseline 0 -25"><span class='ocrx_word' id='word_1_32' title='bbox 222 1153 338 1218; x_wconf 87' lang='lat' dir='ltr'><strong>ostium</strong></span> <span class='ocrx_word' id='word_1_33' title='bbox 358 1156 420 1220; x_wconf 85' lang='lat' dir='ltr'><strong>iter</strong></span> <span class='ocrx_word' id='word_1_34' title='bbox 441 1155 662 1243; x_wconf 75' lang='lat' dir='ltr'><strong>explorabant.</strong></span> <span class='ocrx_word' id='word_1_35' title='bbox 684 1156 753 1222; x_wconf 88' lang='lat' dir='ltr'><strong>Sim</strong></span> <span class='ocrx_word' id='word_1_36' title='bbox 809 1155 931 1239; x_wconf 77' lang='lat' dir='ltr'><strong>oonsul,</strong></span> <span class='ocrx_word' id='word_1_37' title='bbox 1033 1151 1200 1219; x_wconf 83' lang='lat' dir='ltr'><strong>&#39;nusson</strong></span> 
     </span>
     <span class='ocr_line' id='line_1_9' title="bbox 199 1177 1159 1331; baseline 0.001 -27"><span class='ocrx_word' id='word_1_38' title='bbox 199 1240 347 1326; x_wconf 86' lang='lat' dir='ltr'><strong>inposito,</strong></span> <span class='ocrx_word' id='word_1_39' title='bbox 362 1242 470 1306; x_wconf 83' lang='lat' dir='ltr'><strong>omnia</strong></span> <span class='ocrx_word' id='word_1_40' title='bbox 496 1242 681 1330; x_wconf 87' lang='lat' dir='ltr'><strong>providere,</strong></span> <span class='ocrx_word' id='word_1_41' title='bbox 702 1242 790 1331; x_wconf 88' lang='lat' dir='ltr'><strong>apud</strong></span> <span class='ocrx_word' id='word_1_42' title='bbox 817 1243 920 1308; x_wconf 89' lang='lat' dir='ltr'><strong>omnis</strong></span> <span class='ocrx_word' id='word_1_43' title='bbox 941 1177 1065 1324; x_wconf 57' lang='lat' dir='ltr'><strong>offic,</strong></span> <span class='ocrx_word' id='word_1_44' title='bbox 1089 1238 1159 1305; x_wconf 88' lang='lat' dir='ltr'><strong>lau·</strong></span> 
     </span>
     <span class='ocr_line' id='line_1_10' title="bbox 175 1324 1158 1416; baseline 0.001 -27"><span class='ocrx_word' id='word_1_45' title='bbox 175 1324 277 1392; x_wconf 66' lang='lat' dir='ltr'><strong>adare</strong></span> <span class='ocrx_word' id='word_1_46' title='bbox 299 1337 331 1390; x_wconf 88' lang='lat' dir='ltr'><strong>et</strong></span> <span class='ocrx_word' id='word_1_47' title='bbox 351 1328 385 1391; x_wconf 91' lang='lat' dir='ltr'><strong>in</strong></span> <span class='ocrx_word' id='word_1_48' title='bbox 463 1351 518 1394; x_wconf 86' lang='lat' dir='ltr'><strong>are</strong></span> <span class='ocrx_word' id='word_1_49' title='bbox 539 1331 701 1394; x_wconf 84' lang='lat' dir='ltr'><strong>merentis.</strong></span> <span class='ocrx_word' id='word_1_50' title='bbox 743 1329 818 1416; x_wconf 90' lang='lat' dir='ltr'><strong>Ipse</strong></span> <span class='ocrx_word' id='word_1_51' title='bbox 839 1337 979 1394; x_wconf 85' lang='lat' dir='ltr'><strong>armatus</strong></span> <span class='ocrx_word' id='word_1_52' title='bbox 1000 1328 1158 1392; x_wconf 89' lang='lat' dir='ltr'><strong>intentus·</strong></span> 
     </span>
     <span class='ocr_line' id='line_1_11' title="bbox 199 1350 1160 1564; baseline 0.002 -88"><span class='ocrx_word' id='word_1_53' title='bbox 199 1413 371 1564; x_wconf 50' lang='lat' dir='ltr'><strong>mmm</strong></span> <span class='ocrx_word' id='word_1_54' title='bbox 386 1350 509 1480; x_wconf 42' lang='grc' dir='ltr'><strong>ἔξω</strong></span> <span class='ocrx_word' id='word_1_55' title='bbox 531 1415 685 1503; x_wconf 79' lang='lat' dir='ltr'><strong>cogebat3</strong></span> <span class='ocrx_word' id='word_1_56' title='bbox 705 1439 811 1504; x_wconf 89' lang='lat' dir='ltr'><strong>neque</strong></span> <span class='ocrx_word' id='word_1_57' title='bbox 840 1438 948 1500; x_wconf 80' lang='lat' dir='ltr'><strong>seous,</strong></span> <span class='ocrx_word' id='word_1_58' title='bbox 977 1423 1073 1501; x_wconf 83' lang='lat' dir='ltr'><strong>atque</strong></span> <span class='ocrx_word' id='word_1_59' title='bbox 1095 1413 1160 1516; x_wconf 70' lang='lat' dir='ltr'><strong>iter</strong></span> 
     </span>
     <span class='ocr_line' id='line_1_12' title="bbox 306 1499 1159 1590; baseline 0 -25"><span class='ocrx_word' id='word_1_60' title='bbox 306 1547 315 1582; x_wconf 88' lang='lat'>‚</span> <span class='ocrx_word' id='word_1_61' title='bbox 338 1510 443 1566; x_wconf 81' lang='lat' dir='ltr'><strong>castra</strong></span> <span class='ocrx_word' id='word_1_62' title='bbox 463 1503 605 1586; x_wconf 89' lang='lat' dir='ltr'><strong>munire,</strong></span> <span class='ocrx_word' id='word_1_63' title='bbox 634 1502 818 1569; x_wconf 84' lang='lat' dir='ltr'><strong>excubitum</strong></span> <span class='ocrx_word' id='word_1_64' title='bbox 847 1502 881 1567; x_wconf 90' lang='lat' dir='ltr'><strong>in</strong></span> <span class='ocrx_word' id='word_1_65' title='bbox 901 1510 995 1590; x_wconf 84' lang='lat' dir='ltr'><strong>porta</strong></span> <span class='ocrx_word' id='word_1_66' title='bbox 1016 1499 1159 1566; x_wconf 83' lang='lat' dir='ltr'><strong>oohortrs</strong></span> 
     </span>
    </p>

    <p class='ocr_par' dir='ltr' id='par_1_4' title="bbox 199 1583 1200 1936">
     <span class='ocr_line' id='line_1_13' title="bbox 200 1583 1200 1677; baseline 0 -30"><span class='ocrx_word' id='word_1_67' title='bbox 200 1607 242 1648; x_wconf 85' lang='lat' dir='ltr'><strong>ex</strong></span> <span class='ocrx_word' id='word_1_68' title='bbox 262 1583 457 1671; x_wconf 72' lang='lat' dir='ltr'>legionibus,</span> <span class='ocrx_word' id='word_1_69' title='bbox 485 1611 545 1676; x_wconf 88' lang='lat' dir='ltr'><strong>pro</strong></span> <span class='ocrx_word' id='word_1_70' title='bbox 567 1590 681 1654; x_wconf 82' lang='lat' dir='ltr'><strong>eastris</strong></span> <span class='ocrx_word' id='word_1_71' title='bbox 710 1590 834 1677; x_wconf 84' lang='lat' dir='ltr'><strong>equites</strong></span> <span class='ocrx_word' id='word_1_72' title='bbox 866 1588 1050 1654; x_wconf 70' lang='lat' dir='ltr'><strong>auxiliarios</strong></span> <span class='ocrx_word' id='word_1_73' title='bbox 1084 1587 1200 1651; x_wconf 74' lang='lat' dir='ltr'><strong>mit-1⁵</strong></span> 
     </span>
     <span class='ocr_line' id='line_1_14' title="bbox 199 1673 1159 1763; baseline 0.001 -27"><span class='ocrx_word' id='word_1_74' title='bbox 199 1681 285 1756; x_wconf 82' lang='lat' dir='ltr'><strong>tere,</strong></span> <span class='ocrx_word' id='word_1_75' title='bbox 310 1682 477 1759; x_wconf 78' lang='lat' dir='ltr'><strong>praeterea</strong></span> <span class='ocrx_word' id='word_1_76' title='bbox 508 1673 589 1740; x_wconf 87' lang='lat' dir='ltr'><strong>alios</strong></span> <span class='ocrx_word' id='word_1_77' title='bbox 618 1697 715 1763; x_wconf 85' lang='lat' dir='ltr'><strong>super</strong></span> <span class='ocrx_word' id='word_1_78' title='bbox 734 1674 855 1742; x_wconf 88' lang='lat' dir='ltr'><strong>vallum</strong></span> <span class='ocrx_word' id='word_1_79' title='bbox 887 1678 922 1740; x_wconf 92' lang='lat' dir='ltr'><strong>in</strong></span> <span class='ocrx_word' id='word_1_80' title='bbox 950 1674 1159 1739; x_wconf 88' lang='lat' dir='ltr'><strong>munimentis</strong></span> 
     </span>
     <span class='ocr_line' id='line_1_15' title="bbox 200 1756 1160 1850; baseline 0.001 -28"><span class='ocrx_word' id='word_1_81' title='bbox 200 1756 316 1844; x_wconf 84' lang='lat' dir='ltr'><strong>locare,</strong></span> <span class='ocrx_word' id='word_1_82' title='bbox 337 1757 465 1846; x_wconf 58' lang='lat' dir='ltr'><strong>viff&#39;lias</strong></span> <span class='ocrx_word' id='word_1_83' title='bbox 486 1762 556 1850; x_wconf 87' lang='lat' dir='ltr'><strong>ipse</strong></span> <span class='ocrx_word' id='word_1_84' title='bbox 578 1762 764 1846; x_wconf 82' lang='lat' dir='ltr'><strong>circumire,</strong></span> <span class='ocrx_word' id='word_1_85' title='bbox 796 1784 863 1828; x_wconf 89' lang='lat' dir='ltr'><strong>non</strong></span> <span class='ocrx_word' id='word_1_86' title='bbox 884 1772 950 1828; x_wconf 86' lang='lat' dir='ltr'><strong>tam</strong></span> <span class='ocrx_word' id='word_1_87' title='bbox 977 1759 1160 1826; x_wconf 87' lang='lat' dir='ltr'><strong>diffidentia</strong></span> 
     </span>
     <span class='ocr_line' id='line_1_16' title="bbox 200 1843 1159 1936; baseline 0.001 -26"><span class='ocrx_word' id='word_1_88' title='bbox 200 1843 340 1911; x_wconf 84' lang='lat' dir='ltr'><strong>futurum</strong></span> <span class='ocrx_word' id='word_1_89' title='bbox 362 1868 444 1933; x_wconf 86' lang='lat' dir='ltr'><strong>quse</strong></span> <span class='ocrx_word' id='word_1_90' title='bbox 459 1849 648 1936; x_wconf 87' lang='lat' dir='ltr'><strong>imperaviss</strong></span> <span class='ocrx_word' id='word_1_91' title='bbox 706 1871 802 1936; x_wconf 86' lang='lat' dir='ltr'><strong>qnam</strong></span> <span class='ocrx_word' id='word_1_92' title='bbox 823 1850 869 1914; x_wconf 88' lang='lat' dir='ltr'><strong>uti</strong></span> <span class='ocrx_word' id='word_1_93' title='bbox 883 1847 1037 1914; x_wconf 73' lang='lat' dir='ltr'><strong>militibus</strong></span> <span class='ocrx_word' id='word_1_94' title='bbox 1060 1869 1159 1911; x_wconf 89' lang='lat' dir='ltr'><strong>exae-</strong></span> 
     </span>
    </p>
   </div>
   <div class='ocr_carea' id='block_1_3' title="bbox 175 1932 1160 2085">
    <p class='ocr_par' dir='ltr' id='par_1_5' title="bbox 175 1932 1160 2085">
     <span class='ocr_line' id='line_1_17' title="bbox 175 1932 1160 2085; baseline 0.002 -90"><span class='ocrx_word' id='word_1_95' title='bbox 175 1942 314 2018; x_wconf 73' lang='lat' dir='ltr'><strong>tquatus</strong></span> <span class='ocrx_word' id='word_1_96' title='bbox 336 1954 409 1997; x_wconf 88' lang='lat' dir='ltr'><strong>oum</strong></span> <span class='ocrx_word' id='word_1_97' title='bbox 431 1943 623 2085; x_wconf 52' lang='lat' dir='ltr'><strong>ufferatore</strong></span> <span class='ocrx_word' id='word_1_98' title='bbox 650 1933 742 2001; x_wconf 87' lang='lat' dir='ltr'><strong>labos</strong></span> <span class='ocrx_word' id='word_1_99' title='bbox 770 1933 952 2001; x_wconf 86' lang='lat' dir='ltr'><strong>volentibus</strong></span> <span class='ocrx_word' id='word_1_100' title='bbox 975 1941 1070 2000; x_wconf 84' lang='lat' dir='ltr'><strong>esset.</strong></span> <span class='ocrx_word' id='word_1_101' title='bbox 1114 1932 1160 1998; x_wconf 86' lang='lat' dir='ltr'><strong>Et</strong></span> 
     </span>
    </p>
   </div>
   <div class='ocr_carea' id='block_1_4' title="bbox 136 2015 1237 3580">
    <p class='ocr_par' dir='ltr' id='par_1_6' title="bbox 136 2015 1237 3580">
     <span class='ocr_line' id='line_1_18' title="bbox 200 2015 1199 2110; baseline -0.001 -27"><span class='ocrx_word' id='word_1_102' title='bbox 200 2039 277 2084; x_wconf 83' lang='lat' dir='ltr'><strong>sane</strong></span> <span class='ocrx_word' id='word_1_103' title='bbox 298 2015 418 2084; x_wconf 84' lang='lat' dir='ltr'><strong>Marius</strong></span> <span class='ocrx_word' id='word_1_104' title='bbox 483 2042 565 2108; x_wconf 91' lang='lat' dir='ltr'><strong>oque</strong></span> <span class='ocrx_word' id='word_1_105' title='bbox 591 2021 725 2108; x_wconf 89' lang='lat' dir='ltr'><strong>aliisque</strong></span> <span class='ocrx_word' id='word_1_106' title='bbox 752 2021 949 2110; x_wconf 79' lang='lat' dir='ltr'><strong>temporibus</strong></span> <span class='ocrx_word' id='word_1_107' title='bbox 974 2018 1161 2107; x_wconf 81' lang='lat' dir='ltr'><strong>Iugurthini</strong></span> <span class='ocrx_word' id='word_1_108' title='bbox 1169 2033 1199 2083; x_wconf 62' lang='grc' dir='ltr'><strong>πο</strong></span> 
     </span>
     <span class='ocr_line' id='line_1_19' title="bbox 199 2102 1159 2194; baseline 0.003 -25"><span class='ocrx_word' id='word_1_109' title='bbox 199 2102 277 2170; x_wconf 87' lang='lat' dir='ltr'><strong>belli</strong></span> <span class='ocrx_word' id='word_1_110' title='bbox 290 2104 414 2193; x_wconf 89' lang='lat' dir='ltr'><strong>pudore</strong></span> <span class='ocrx_word' id='word_1_111' title='bbox 428 2109 530 2193; x_wconf 83' lang='lat' dir='ltr'><strong>magis</strong></span> <span class='ocrx_word' id='word_1_112' title='bbox 553 2130 648 2194; x_wconf 91' lang='lat' dir='ltr'><strong>qnam</strong></span> <span class='ocrx_word' id='word_1_113' title='bbox 663 2107 747 2174; x_wconf 90' lang='lat' dir='ltr'><strong>malo</strong></span> <span class='ocrx_word' id='word_1_114' title='bbox 763 2109 940 2174; x_wconf 87' lang='lat' dir='ltr'><strong>exereitum</strong></span> <span class='ocrx_word' id='word_1_115' title='bbox 969 2105 1159 2173; x_wconf 80' lang='lat' dir='ltr'><strong>coercebat·</strong></span> 
     </span>
     <span class='ocr_line' id='line_1_20' title="bbox 200 2155 1160 2281; baseline 0.003 -26"><span class='ocrx_word' id='word_1_116' title='bbox 200 2188 285 2278; x_wconf 89' lang='lat' dir='ltr'><strong>qnod</strong></span> <span class='ocrx_word' id='word_1_117' title='bbox 306 2191 477 2279; x_wconf 80' lang='lat' dir='ltr'><strong>multipes</strong></span> <span class='ocrx_word' id='word_1_118' title='bbox 498 2193 703 2260; x_wconf 82' lang='lat' dir='ltr'><strong>ambitionem</strong></span> <span class='ocrx_word' id='word_1_119' title='bbox 726 2195 797 2260; x_wconf 88' lang='lat' dir='ltr'><strong>fieri</strong></span> <span class='ocrx_word' id='word_1_120' title='bbox 819 2195 956 2278; x_wconf 75' lang='lat' dir='ltr'><strong>aiebant,</strong></span> <span class='ocrx_word' id='word_1_121' title='bbox 978 2216 1053 2281; x_wconf 85' lang='lat' dir='ltr'><strong>pars</strong></span> <span class='ocrx_word' id='word_1_122' title='bbox 1070 2155 1160 2280; x_wconf 85' lang='lat' dir='ltr'><strong>quod</strong></span> 
     </span>
     <span class='ocr_line' id='line_1_21' title="bbox 199 2279 1159 2368; baseline 0.004 -28"><span class='ocrx_word' id='word_1_123' title='bbox 199 2299 219 2341; x_wconf 92' lang='lat' dir='ltr'><strong>a</strong></span> <span class='ocrx_word' id='word_1_124' title='bbox 240 2279 377 2363; x_wconf 86' lang='lat' dir='ltr'><strong>pueritia</strong></span> <span class='ocrx_word' id='word_1_125' title='bbox 398 2289 581 2344; x_wconf 82' lang='lat' dir='ltr'><strong>consuetam</strong></span> <span class='ocrx_word' id='word_1_126' title='bbox 611 2280 760 2348; x_wconf 83' lang='lat' dir='ltr'><strong>duritiam</strong></span> <span class='ocrx_word' id='word_1_127' title='bbox 791 2291 823 2346; x_wconf 87' lang='lat' dir='ltr'><strong>et</strong></span> <span class='ocrx_word' id='word_1_128' title='bbox 844 2280 917 2364; x_wconf 64' lang='lat' dir='ltr'><strong>alia</strong></span> <span class='ocrx_word' id='word_1_129' title='bbox 951 2302 1033 2368; x_wconf 87' lang='lat' dir='ltr'><strong>quae</strong></span> <span class='ocrx_word' id='word_1_130' title='bbox 1055 2279 1159 2345; x_wconf 83' lang='lat' dir='ltr'><strong>ceteri</strong></span> 
     </span>
     <span class='ocr_line' id='line_1_22' title="bbox 199 2363 1158 2453; baseline 0.006 -27"><span class='ocrx_word' id='word_1_131' title='bbox 199 2363 343 2427; x_wconf 85' lang='lat' dir='ltr'><strong>miserias</strong></span> <span class='ocrx_word' id='word_1_132' title='bbox 365 2375 491 2450; x_wconf 87' lang='lat' dir='ltr'><strong>vocant,</strong></span> <span class='ocrx_word' id='word_1_133' title='bbox 513 2365 669 2453; x_wconf 85' lang='lat' dir='ltr'><strong>voluptati</strong></span> <span class='ocrx_word' id='word_1_134' title='bbox 686 2366 867 2452; x_wconf 83' lang='lat' dir='ltr'><strong>habuisset3</strong></span> <span class='ocrx_word' id='word_1_135' title='bbox 889 2368 952 2432; x_wconf 87' lang='lat' dir='ltr'><strong>nisi</strong></span> <span class='ocrx_word' id='word_1_136' title='bbox 973 2376 1081 2432; x_wconf 85' lang='lat' dir='ltr'><strong>tamen</strong></span> <span class='ocrx_word' id='word_1_137' title='bbox 1103 2388 1158 2432; x_wconf 88' lang='lat' dir='ltr'><strong>res</strong></span> 
     </span>
     <span class='ocr_line' id='line_1_23' title="bbox 199 2446 1157 2597; baseline 0.004 -85"><span class='ocrx_word' id='word_1_138' title='bbox 199 2446 328 2597; x_wconf 54' lang='lat' dir='ltr'><strong>Sublioa</strong></span> <span class='ocrx_word' id='word_1_139' title='bbox 348 2451 469 2536; x_wconf 88' lang='lat' dir='ltr'><strong>pariter</strong></span> <span class='ocrx_word' id='word_1_140' title='bbox 496 2475 535 2516; x_wconf 86' lang='lat' dir='ltr'><strong>ae</strong></span> <span class='ocrx_word' id='word_1_141' title='bbox 563 2458 759 2519; x_wconf 80' lang='lat' dir='ltr'><strong>saevissumo</strong></span> <span class='ocrx_word' id='word_1_142' title='bbox 789 2455 924 2541; x_wconf 89' lang='lat' dir='ltr'><strong>imperio</strong></span> <span class='ocrx_word' id='word_1_143' title='bbox 952 2452 1036 2519; x_wconf 89' lang='lat' dir='ltr'><strong>bene</strong></span> <span class='ocrx_word' id='word_1_144' title='bbox 1058 2461 1157 2540; x_wconf 87' lang='lat' dir='ltr'><strong>atquo</strong></span> 
     </span>
     <span class='ocr_line' id='line_1_24' title="bbox 223 2547 437 2621; baseline 0.014 -23"><span class='ocrx_word' id='word_1_145' title='bbox 223 2555 316 2599; x_wconf 88' lang='lat' dir='ltr'><strong>eeore</strong></span> <span class='ocrx_word' id='word_1_146' title='bbox 338 2547 437 2621; x_wconf 86' lang='lat' dir='ltr'><strong>gesta.</strong></span> 
     </span>
     <span class='ocr_line' id='line_1_25' title="bbox 136 2619 1197 2800; baseline 0.006 -29"><span class='ocrx_word' id='word_1_147' title='bbox 136 2635 187 2691; x_wconf 90' lang='lat'><strong>¹⁰¹</strong></span> <span class='ocrx_word' id='word_1_148' title='bbox 201 2619 954 2800; x_wconf 54' lang='lat' dir='ltr'><strong>ordintfflffisstssnbbuii⁰:25:</strong></span> <span class='ocrx_word' id='word_1_149' title='bbox 970 2624 1075 2777; x_wconf 52' lang='lat'><strong>3¹33</strong></span> <span class='ocrx_word' id='word_1_150' title='bbox 1087 2625 1156 2794; x_wconf 57' lang='lat' dir='ltr'><strong>ab}</strong></span> <span class='ocrx_word' id='word_1_151' title='bbox 1168 2645 1197 2695; x_wconf 83' lang='lat'><strong>²⁵</strong></span> 
     </span>
     <span class='ocr_line' id='line_1_26' title="bbox 175 2793 1158 2886; baseline 0.002 -26"><span class='ocrx_word' id='word_1_152' title='bbox 175 2809 263 2879; x_wconf 79' lang='lat' dir='ltr'><strong>tque</strong></span> <span class='ocrx_word' id='word_1_153' title='bbox 283 2816 319 2859; x_wconf 89' lang='lat' dir='ltr'><strong>re</strong></span> <span class='ocrx_word' id='word_1_154' title='bbox 340 2793 441 2861; x_wconf 87' lang='lat' dir='ltr'><strong>hostis</strong></span> <span class='ocrx_word' id='word_1_155' title='bbox 463 2797 576 2864; x_wconf 81' lang='lat' dir='ltr'><strong>adesse</strong></span> <span class='ocrx_word' id='word_1_156' title='bbox 598 2799 805 2886; x_wconf 82' lang='lat' dir='ltr'><strong>intellegitur.</strong></span> <span class='ocrx_word' id='word_1_157' title='bbox 849 2797 916 2865; x_wconf 85' lang='lat' dir='ltr'><strong>Sed</strong></span> <span class='ocrx_word' id='word_1_158' title='bbox 937 2799 1012 2886; x_wconf 88' lang='lat' dir='ltr'><strong>qnia</strong></span> <span class='ocrx_word' id='word_1_159' title='bbox 1033 2797 1158 2863; x_wconf 85' lang='lat' dir='ltr'><strong>divorsi</strong></span> 
     </span>
     <span class='ocr_line' id='line_1_27' title="bbox 199 2878 1197 2974; baseline 0.007 -31"><span class='ocrx_word' id='word_1_160' title='bbox 199 2878 383 2966; x_wconf 51' lang='lat' dir='ltr'><strong>redeuntes,</strong></span> <span class='ocrx_word' id='word_1_161' title='bbox 412 2881 493 2950; x_wconf 87' lang='lat' dir='ltr'><strong>alius</strong></span> <span class='ocrx_word' id='word_1_162' title='bbox 524 2885 564 2949; x_wconf 87' lang='lat' dir='ltr'><strong>ab</strong></span> <span class='ocrx_word' id='word_1_163' title='bbox 598 2886 661 2950; x_wconf 86' lang='lat' dir='ltr'><strong>alia</strong></span> <span class='ocrx_word' id='word_1_164' title='bbox 688 2895 780 2974; x_wconf 86' lang='lat' dir='ltr'><strong>parte</strong></span> <span class='ocrx_word' id='word_1_165' title='bbox 812 2894 908 2973; x_wconf 86' lang='lat' dir='ltr'><strong>atque</strong></span> <span class='ocrx_word' id='word_1_166' title='bbox 935 2906 1046 2950; x_wconf 85' lang='lat' dir='ltr'><strong>omnes</strong></span> <span class='ocrx_word' id='word_1_167' title='bbox 1068 2883 1197 2952; x_wconf 76' lang='lat' dir='ltr'><strong>idemso</strong></span> 
     </span>
     <span class='ocr_line' id='line_1_28' title="bbox 200 2965 1156 3060; baseline 0.004 -30"><span class='ocrx_word' id='word_1_168' title='bbox 200 2965 431 3053; x_wconf 81' lang='lat' dir='ltr'><strong>significabant,</strong></span> <span class='ocrx_word' id='word_1_169' title='bbox 454 2970 566 3036; x_wconf 83' lang='lat' dir='ltr'><strong>consul</strong></span> <span class='ocrx_word' id='word_1_170' title='bbox 587 2973 727 3038; x_wconf 79' lang='lat' dir='ltr'><strong>incertus</strong></span> <span class='ocrx_word' id='word_1_171' title='bbox 763 2993 902 3060; x_wconf 87' lang='lat' dir='ltr'><strong>quonam</strong></span> <span class='ocrx_word' id='word_1_172' title='bbox 933 2970 1029 3037; x_wconf 87' lang='lat' dir='ltr'><strong>modo</strong></span> <span class='ocrx_word' id='word_1_173' title='bbox 1051 2971 1156 3036; x_wconf 88' lang='lat' dir='ltr'><strong>aeiem</strong></span> 
     </span>
     <span class='ocr_line' id='line_1_29' title="bbox 202 3055 1156 3143; baseline 0.001 -23"><span class='ocrx_word' id='word_1_174' title='bbox 202 3055 379 3138; x_wconf 83' lang='lat' dir='ltr'><strong>instrueret,</strong></span> <span class='ocrx_word' id='word_1_175' title='bbox 400 3055 489 3121; x_wconf 90' lang='lat' dir='ltr'><strong>nullo</strong></span> <span class='ocrx_word' id='word_1_176' title='bbox 505 3056 616 3122; x_wconf 88' lang='lat' dir='ltr'><strong>ordine</strong></span> <span class='ocrx_word' id='word_1_177' title='bbox 631 3067 834 3143; x_wconf 84' lang='lat' dir='ltr'><strong>commutato,</strong></span> <span class='ocrx_word' id='word_1_178' title='bbox 855 3058 1026 3124; x_wconf 81' lang='lat' dir='ltr'><strong>advorsum</strong></span> <span class='ocrx_word' id='word_1_179' title='bbox 1048 3058 1156 3122; x_wconf 90' lang='lat' dir='ltr'><strong>omnia</strong></span> 
     </span>
     <span class='ocr_line' id='line_1_30' title="bbox 223 3141 1155 3232; baseline 0.003 -28"><span class='ocrx_word' id='word_1_180' title='bbox 223 3149 346 3223; x_wconf 87' lang='lat' dir='ltr'><strong>aratus,</strong></span> <span class='ocrx_word' id='word_1_181' title='bbox 385 3141 505 3208; x_wconf 88' lang='lat' dir='ltr'><strong>ibidem</strong></span> <span class='ocrx_word' id='word_1_182' title='bbox 545 3147 715 3230; x_wconf 88' lang='lat' dir='ltr'><strong>opperitur.</strong></span> <span class='ocrx_word' id='word_1_183' title='bbox 774 3145 825 3210; x_wconf 82' lang='lat' dir='ltr'><strong>lta</strong></span> <span class='ocrx_word' id='word_1_184' title='bbox 859 3143 1045 3232; x_wconf 81' lang='lat' dir='ltr'><strong>Iugurtham</strong></span> <span class='ocrx_word' id='word_1_185' title='bbox 1079 3165 1155 3231; x_wconf 88' lang='lat' dir='ltr'><strong>spes</strong></span> 
     </span>
     <span class='ocr_line' id='line_1_31' title="bbox 252 3229 1154 3320; baseline 0.007 -30"><span class='ocrx_word' id='word_1_186' title='bbox 252 3235 359 3311; x_wconf 81' lang='lat' dir='ltr'><strong>stratu,</strong></span> <span class='ocrx_word' id='word_1_187' title='bbox 383 3229 438 3314; x_wconf 90' lang='lat' dir='ltr'><strong>qui</strong></span> <span class='ocrx_word' id='word_1_188' title='bbox 459 3230 567 3316; x_wconf 87' lang='lat' dir='ltr'><strong>copias</strong></span> <span class='ocrx_word' id='word_1_189' title='bbox 588 3231 622 3294; x_wconf 92' lang='lat' dir='ltr'><strong>in</strong></span> <span class='ocrx_word' id='word_1_190' title='bbox 643 3241 791 3317; x_wconf 86' lang='lat' dir='ltr'><strong>quattuor</strong></span> <span class='ocrx_word' id='word_1_191' title='bbox 816 3233 916 3320; x_wconf 80' lang='lat' dir='ltr'><strong>partis</strong></span> <span class='ocrx_word' id='word_1_192' title='bbox 939 3229 1154 3313; x_wconf 84' lang='lat' dir='ltr'><strong>distribuerat,</strong></span> 
     </span>
     <span class='ocr_line' id='line_1_32' title="bbox 200 3314 1193 3406; baseline 0.004 -29"><span class='ocrx_word' id='word_1_193' title='bbox 200 3321 287 3378; x_wconf 87' lang='lat' dir='ltr'><strong>ratus</strong></span> <span class='ocrx_word' id='word_1_194' title='bbox 311 3334 353 3378; x_wconf 87' lang='lat' dir='ltr'><strong>ex</strong></span> <span class='ocrx_word' id='word_1_195' title='bbox 375 3314 521 3382; x_wconf 90' lang='lat' dir='ltr'><strong>omnibus</strong></span> <span class='ocrx_word' id='word_1_196' title='bbox 544 3337 646 3402; x_wconf 85' lang='lat' dir='ltr'><strong>aeque</strong></span> <span class='ocrx_word' id='word_1_197' title='bbox 673 3316 797 3406; x_wconf 79' lang='lat' dir='ltr'><strong>sliquos</strong></span> <span class='ocrx_word' id='word_1_198' title='bbox 827 3318 869 3384; x_wconf 84' lang='lat' dir='ltr'><strong>ab</strong></span> <span class='ocrx_word' id='word_1_199' title='bbox 895 3327 945 3384; x_wconf 89' lang='lat' dir='ltr'><strong>ter</strong></span> <span class='ocrx_word' id='word_1_200' title='bbox 967 3339 986 3382; x_wconf 96' lang='lat' dir='ltr'><strong>o</strong></span> <span class='ocrx_word' id='word_1_201' title='bbox 1007 3315 1193 3383; x_wconf 70' lang='lat' dir='ltr'><strong>hostibus</strong></span> 
     </span>
     <span class='ocr_line' id='line_1_33' title="bbox 175 3399 1237 3493; baseline 0.004 -26"><span class='ocrx_word' id='word_1_202' title='bbox 175 3407 362 3467; x_wconf 72' lang='lat' dir='ltr'><strong>arentinos.</strong></span> <span class='ocrx_word' id='word_1_203' title='bbox 405 3399 537 3467; x_wconf 83' lang='lat' dir='ltr'><strong>Interim</strong></span> <span class='ocrx_word' id='word_1_204' title='bbox 558 3399 658 3486; x_wconf 85' lang='lat' dir='ltr'><strong>Sulla,</strong></span> <span class='ocrx_word' id='word_1_205' title='bbox 682 3405 937 3493; x_wconf 77' lang='lat' dir='ltr'><strong>quamprimum</strong></span> <span class='ocrx_word' id='word_1_206' title='bbox 980 3412 1066 3470; x_wconf 85' lang='lat' dir='ltr'><strong>ostes</strong></span> <span class='ocrx_word' id='word_1_207' title='bbox 1082 3405 1153 3470; x_wconf 83' lang='lat' dir='ltr'><strong>atti·</strong></span> <span class='ocrx_word' id='word_1_208' title='bbox 1236 3403 1237 3410; x_wconf 62' lang='lat'><em>&#39;</em></span> 
     </span>
     <span class='ocr_line' id='line_1_34' title="bbox 200 3485 1153 3580; baseline 0.009 -33"><span class='ocrx_word' id='word_1_209' title='bbox 200 3492 323 3567; x_wconf 76' lang='lat' dir='ltr'><strong>gerant,</strong></span> <span class='ocrx_word' id='word_1_210' title='bbox 347 3485 527 3552; x_wconf 85' lang='lat' dir='ltr'><strong>cohortatus</strong></span> <span class='ocrx_word' id='word_1_211' title='bbox 551 3511 634 3575; x_wconf 85' lang='lat' dir='ltr'><strong>suos,</strong></span> <span class='ocrx_word' id='word_1_212' title='bbox 649 3491 812 3555; x_wconf 85' lang='lat' dir='ltr'><strong>turmatim</strong></span> <span class='ocrx_word' id='word_1_213' title='bbox 834 3501 867 3557; x_wconf 86' lang='lat' dir='ltr'><strong>et</strong></span> <span class='ocrx_word' id='word_1_214' title='bbox 889 3513 984 3580; x_wconf 83' lang='lat' dir='ltr'><strong>quam</strong></span> <span class='ocrx_word' id='word_1_215' title='bbox 1003 3511 1153 3557; x_wconf 85' lang='lat' dir='ltr'><strong>maxume</strong></span> 
     </span>
    </p>
   </div>
   <div class='ocr_carea' id='block_1_5' title="bbox 0 0 1264 3966">
    <p class='ocr_par' dir='ltr' id='par_1_7' title="bbox 0 0 1264 3966">
     <span class='ocr_line' id='line_1_35' title="bbox 0 0 1264 3966; baseline 0 3"><span class='ocrx_word' id='word_1_216' title='bbox 0 0 1264 3966; x_wconf 95' lang='lat' dir='ltr'><strong> </strong></span> 
     </span>
    </p>
   </div>
  </div>
 </body>
</html>
