2502 3968
388 317 615 387 rvevnrnn
637 318 758 386 ro-11
1008 305 1051 387 'aa

97 515 183 579 quos
204 515 306 579 neque
327 493 422 556 armis
445 513 558 578 cogere
579 514 682 578 neque
704 513 780 556 auro
805 511 919 579 parato
938 511 1050 577 quau,

98 576 207 642 officio
229 587 261 642 et
280 577 343 642 fide
364 578 536 663 pariuntur.
568 576 646 656 Quis
669 587 774 642 autem
794 576 934 660 amicior,
954 596 1075 664 qums

97 663 200 728 frater
220 661 332 728 fratri?
361 671 415 727 aut
457 685 530 727 uem
552 663 689 728 alienum
709 663 807 727 fidum
832 661 991 746 invenies,
1022 662 1049 728 si

96 749 165 812 tuis
186 748 284 813 hostis
299 747 418 812 fixeris?
437 685 603 834 (liquidem
626 770 684 834 ego
705 748 797 814 vobis
812 770 847 812 re
891 769 944 812 um
958 746 1074 822 tradoa

72 833 241 914 stirmum,
264 835 292 898 si
312 833 388 898 boni
410 834 513 918 eritis;
541 836 591 898 sin
612 833 703 917 mali,
731 833 848 898 inbecil
861 856 924 898 um.
967 831 1049 896 Nam

98 919 272 984 eoncordia
293 941 410 1004 parvae
431 941 482 982 res
505 928 665 1002 crescunt,
685 918 853 984 'discordia
880 939 1048 982 maxumas

98 1004 292 1069 dilabuntur.
344 1003 491 1068 Ceterum
525 1015 598 1070 ante
629 1005 687 1070 hos
719 1014 764 1088 te,
796 1003 962 1089 Iugurtha,
996 1003 1072 1105 quie

97 1099 205 1154 aetate
227 1099 259 1154 et
280 1091 433 1176 sapientia
476 1091 611 1174 riores,
639 1112 680 1154 ne
706 1090 798 1155 aliter
824 1089 900 1176 quid
925 1098 1050 1155 eveniat

97 1173 269 1324 providere
291 1174 390 1239 decet.
457 1197 508 1240 am
528 1177 563 1240 in
584 1177 670 1241 omni
691 1177 875 1258 certamine,
898 1175 952 1260 qui
974 1197 1048 1322 opu-

58 1291 88 1338 to
112 1261 217 1325 entior
238 1269 298 1343 est,
321 1261 444 1324 etiamsi
457 1263 573 1347 accipit
586 1262 741 1344 iniuriam,
764 1271 870 1325 tamen
889 1261 964 1346 quia
976 1283 998 1346 p
1010 1283 1048 1324 us

97 1355 207 1433 potest
215 1345 319 1409 facere
329 1345 463 1412 videtur.
490 1346 556 1412 Vos
571 1356 685 1428 autem,
700 1344 862 1411 Adherbal
877 1343 1072 1431 &Hiemps

98 1432 166 1515 sal,
195 1430 288 1496 colite
316 1431 482 1496 observate
508 1432 604 1496 talem
625 1431 709 1496 hunc
736 1433 854 1514 virum,
883 1431 1047 1496 imitamini

96 1519 250 1582 virtutem
272 1525 303 1581 et
324 1517 486 1602 enitimini,
509 1540 550 1582 ne
570 1539 629 1603 ego
649 1516 795 1582 meliores
810 1516 926 1582 liberos
942 1538 1046 1604 sump-

99 1603 183 1668 siss'c
203 1602 329 1684 videar,
353 1625 448 1689 quam
469 1603 634 1689 genuisse.¹

58 1714 88 1763 rt
164 1686 219 1752 Ad
247 1709 285 1751 ea
311 1687 478 1773 Iugurtha,
511 1689 637 1754 tametsi
668 1709 776 1774 regem
804 1688 878 1754 ticta
910 1687 1047 1752 locutum
1059 1701 1085 1754 r.

97 1773 348 1858 intellegebatet
361 1775 430 1860 ipse
444 1773 539 1860 longe
554 1774 645 1838 aliter
659 1775 763 1838 animo
779 1774 927 1860 agitabat,
942 1773 1048 1837 tamen

121 1883 159 1926 ro
181 1869 322 1945 tempore
342 1858 481 1944 benigne
502 1860 673 1946 respondit.
705 1859 840 1946 Micipsa
853 1859 1072 1945 paucis=¹post2

97 1885 214 2010 diebus
235 1945 374 2010 morium.
396 1945 567 2031 Postquam
588 1945 636 2009 illi
649 1966 737 2010 more
750 1946 838 2030 regio
858 1947 942 2009 iusta
961 1965 1048 2029 mag-

98 2031 195 2097 nifiee
216 2029 372 2113 fecerant,
394 2031 496 2116 reguli
517 2033 551 2094 in
572 2053 669 2095 unum
691 2052 884 2112 convenere,
911 2038 946 2094 ut
966 2031 1049 2094 inter

57 2143 89 2194 20
100 2139 135 2182 se
159 2117 199 2180 de
222 2117 341 2180 cunctis
362 2117 497 2201 negotiis
520 2116 739 2203 disceptarent
783 2115 848 2182 Sed
873 2115 1072 2201 Hiempsal,a

100 2204 158 2292 qui
178 2203 338 2265 minumus
357 2223 398 2265 ex
419 2201 482 2266 illis
506 2212 572 2267 erat
579 2251 588 2286 ,
609 2212 722 2267 natura
742 2200 833 2266 ferox
852 2211 884 2266 et
897 2202 961 2266 iam
976 2210 1048 2266 ante

98 2286 331 2374 ignobilitatem
351 2286 539 2372 Iugurthae,
563 2289 636 2374 quis
656 2297 796 2353 materno
819 2309 936 2373 genere
957 2288 1049 2373 inpar

99 2383 186 2455 erat,
219 2372 409 2458 despiciens,
443 2372 575 2438 dextera
600 2371 814 2438 Adherbalem
843 2371 982 2451 adsedit,
1008 2397 1048 2439 ne

98 2459 224 2524 medius
239 2481 281 2523 ex
293 2457 404 2542 tribus,
427 2459 511 2545 quod
526 2459 610 2545 apud
623 2459 775 2526 Numidas
789 2458 901 2525 honori
916 2457 1048 2542 ducitur,

59 2539 253 2630 aaIugmtha
280 2543 375 2628 foret;
409 2543 483 2608 dein
511 2557 633 2628 tamen,
665 2555 701 2609 ut
733 2546 828 2609 aetati
862 2544 1071 2612 concederett

99 2631 248 2716 fatigatus
270 2650 290 2693 a
310 2628 422 2712 fratre,
444 2631 501 2694 vix
522 2631 555 2693 in
592 2639 691 2695 artem
705 2629 836 2698 alteram
850 2628 1048 2696 transductus

101 2726 160 2782 est.
202 2715 252 2779 Ibi
274 2736 345 2779 eum
366 2713 467 2779 multa
487 2715 528 2780 de
624 2714 795 2782 '‘strando
824 2715 956 2802 imperio
985 2715 1071 2781 dis-t

101 2810 251 2883 sererent,
272 2797 424 2886 iugurtha
437 2801 520 2866 inter
534 2800 611 2866 alias
626 2822 677 2866 res
692 2802 779 2885 iecit,
802 2809 945 2889 oportere
960 2802 1049 2887 quin·

102 2887 220 2974 quenni
242 2884 385 2950 consulta
407 2894 439 2951 et
459 2884 588 2951 decreta
602 2887 707 2951 omnia
727 2887 881 2971 rescindi3
903 2907 977 2950 nam
990 2908 1049 2972 per

60 2995 142 3047 soca
163 2982 307 3058 tempora
327 2971 504 3036 confectum
526 2972 615 3035 annis
630 2971 797 3121 Micipsam
810 2994 922 3060 parum
943 2973 1048 3037 animo

100 3057 249 3124 valuisse.
291 3055 374 3121 Tum
394 3055 480 3120 idem
500 3056 664 3142 Hiempsal
685 3079 812 3144 pacare
834 3057 896 3122 sibi
920 3076 971 3122 ros
994 3079 1072 3126 one
1137 3125 1139 3132 ,

101 3145 166 3209 dit:
192 3165 267 3206 nam
288 3143 391 3228 ipsum
413 3141 503 3205 illum
523 3141 623 3208 tribus
644 3144 807 3228 proxumis
836 3142 926 3206 annis
994 3163 1048 3244 op·

101 3230 218 3294 tatione
254 3227 288 3290 in
318 3249 451 3312 regnum
482 3229 675 3313 pervenisse.
724 3227 817 3308 Quod
847 3227 981 3292 verbum
1014 3247 1071 3298 ms

124 3324 211 3380 ectus
232 3313 402 3399 Iugurthae
424 3311 534 3395 altius,
557 3334 650 3398 quam
672 3315 837 3399 quisquam
858 3321 944 3378 ratus
971 3321 1047 3396 erat,

62 3338 274 3470 sedescendit
302 3397 413 3484 Itaque
429 3418 470 3460 ex
492 3419 530 3462 eo
551 3407 692 3484 tempore
713 3399 761 3462 irs
783 3408 814 3464 et
834 3407 920 3462 metu
934 3399 1073 3466 anxiuss
1152 3417 1154 3422 ·

102 3487 207 3551 moliri
263 3504 361 3566 arare,
391 3492 485 3568 atque
514 3504 552 3546 ea
579 3483 674 3548 modo
702 3505 773 3547 cum
799 3485 904 3549 animo
929 3482 1047 3549 hebere

103 3570 216 3657 quibus
280 3567 410 3655 'empsal
438 3589 496 3653 per
524 3567 631 3633 dolum
659 3579 833 3655 caperetun
876 3567 967 3650 Quae
992 3569 1048 3636 ubi
