2502 3968
271 250 300 264 '¹
396 299 604 371 cnrnmn
624 303 763 370 ao-ra
1018 303 1060 372 re

97 481 229 546 diruunt
241 473 305 546 alla
319 477 496 562 aedificant,
511 485 671 566 postremo
687 476 833 546 omnibus
846 461 950 544 modis
964 501 1059 568 pecu·

96 567 185 632 niam
206 567 335 632 trahunt
354 571 490 647 vexant,
512 567 620 628 tamen
639 585 762 629 summa
776 563 917 631 lubidine
933 564 1059 631 divitias

98 674 173 718 suas
194 654 325 717 vincere
346 657 518 738 nequeunt.
561 649 606 714 At
634 649 727 716 nobis
758 660 806 716 est
835 650 921 716 domi
941 650 1101 752 inopiam

97 739 176 803 foris
200 761 254 802 aes
276 738 430 820 alienum3
459 734 546 801 mala
574 757 641 819 res,
671 759 744 824 spes
773 734 872 802 multo
903 759 1058 825 aspenor:

71 820 1059 912 5deniquequidreliquihabemuspraetermiseramanimam‘?

162 909 250 991 Quin
270 910 367 996 igitur
389 909 661 995 expergiscimini!
694 907 747 972 En
767 908 825 973 illa
847 931 942 996 quam
964 931 1060 995 saepe
1071 927 1101 978 lt

97 998 231 1084 optastis
253 995 399 1078 libertas,
428 1001 595 1081 praeterea
617 993 761 1078 divitiae,
784 993 881 1060 decus
904 993 1006 1082 gloria
1027 996 1061 1059 in

97 1082 199 1148 oculis
222 1084 283 1148 sita
305 1081 520 1146 sunt:fort1ma
541 1081 649 1146 omnia
670 1102 709 1145 ea
729 1080 905 1148 victoribus
919 1081 1062 1183 praemia

94 1171 213 1258 posuit.
256 1168 320 1233 Res
342 1177 481 1254 tempus,
511 1166 654 1255 pericula
684 1176 824 1254 egestas,
854 1165 933 1232 belh
960 1166 1103 1254 spoliare

55 1258 86 1310 ¹⁰
95 1253 268 1342 magnifica
287 1276 341 1319 ma
364 1255 390 1319 ‘s
406 1273 502 1356 quam
517 1254 616 1318 oratio
631 1275 704 1318 mea
717 1276 776 1320 vos
790 1253 966 1320 hortantur.
998 1251 1103 1325 Velle

94 1342 288 1429 imperatore
309 1361 350 1405 ve
384 1338 485 1404 milite
506 1360 558 1404 me
580 1340 725 1424 utemini,
746 1361 853 1427 neque
869 1339 992 1404 animus
1006 1362 1060 1404 ne-

97 1449 161 1516 que
192 1447 306 1514 eorpus
336 1449 356 1490 a
383 1424 476 1491 vobis
506 1424 617 1491 aberit.
661 1425 753 1490 Haec
779 1426 865 1512 ipsa,
895 1435 931 1492 ut
957 1445 1102 1527 sperem

95 1513 265 1580 vobiscum
293 1535 358 1576 una
387 1509 498 1577 consul
527 1533 635 1598 agam,
665 1512 727 1576 nisi
756 1511 837 1578 forte
864 1534 915 1578 me
938 1533 1061 1576 ammus

95 1599 190 1681 fallit,
207 1607 238 1663 et
251 1619 310 1662 vos
322 1598 442 1662 servire
453 1598 555 1684 magis
567 1619 663 1685 quam
673 1597 832 1686 imperare
848 1598 950 1687 parati
966 1593 1058 1663 estis!

56 1687 87 1740 ¹⁵
162 1685 336 1772 Postquam
369 1704 522 1771 accepere
555 1705 594 1748 ea
626 1683 789 1768 homines,
828 1683 945 1773 quibus
977 1683 1063 1748 mala
1071 1701 1110 1758 21

97 1771 226 1836 abunde
248 1771 354 1835 omnia
368 1778 473 1852 erant,
496 1769 554 1834 sed
575 1791 679 1857 neque
700 1792 754 1835 res
769 1793 875 1859 neque
890 1792 963 1860 spes
977 1769 1064 1836 bona

96 1856 179 1940 ulla,
201 1857 327 1920 tametsi
347 1854 412 1919 illis
434 1855 541 1943 quieta
561 1878 691 1921 movere
705 1878 823 1944 magna
836 1877 960 1923 merces
973 1854 1062 1922 vide·

96 1944 208 2027 batur,
237 1951 344 2006 tamen
365 1939 568 2092 postulavere
595 1941 756 2031 plerique,
786 1944 834 2008 uti
859 1951 1061 2045 proponeret,

98 2051 181 2119 quae
204 2028 348 2093 condicio
394 2027 448 2091 elli
469 2026 564 2111 foret,
588 2049 670 2116 quae
691 2029 835 2116 praemia
856 2051 951 2096 armrs
998 2037 1061 2092 ete·

56 2120 87 2171 ²⁰
97 2124 186 2181 rent:
231 2113 288 2180 uid
308 2113 365 2179 ubi
386 2135 427 2177 ue
443 2113 512 2200 opis
527 2121 582 2179 aut
596 2115 666 2201 spei
679 2113 843 2180 haberent.
877 2113 960 2180 Tum
973 2052 1086 2181 lintri-2

96 2202 165 2266 lina
186 2221 227 2288 po
254 2201 330 2266 ‘ceri
351 2208 385 2264 ta
406 2199 476 2264 ulae
498 2220 614 2283 novas,
636 2200 901 2289 proscriptionem
922 2199 1061 2290 locuple-

95 2289 194 2371 tium3
226 2287 429 2373 magistratus
459 2285 650 2369 sacerdotia,
677 2287 823 2373 rapinas3
856 2288 920 2353 alia
947 2286 1061 2372 omnia,

98 2395 181 2461 quae
203 2372 323 2438 bellum
345 2380 440 2459 atque
461 2370 571 2437 lubido
593 2373 750 2438 victorum
778 2374 849 2440 fert.
892 2375 1087 2442 Praetereat

99 2481 170 2526 ease
199 2460 234 2524 in
261 2458 419 2546 Hispania
448 2458 587 2523 citeriori
607 2458 774 2544 Pisonem,
804 2462 838 2526 in
865 2459 1064 2526 Mauretania

56 2555 87 2605 ²5
99 2568 172 2611 cum
196 2546 338 2610 exercitu
358 2543 508 2609 Publium
524 2543 651 2610 Sittium
664 2543 860 2612 Nucerinum
880 2546 992 2612 consili
1014 2545 1063 2611 sui

98 2633 214 2720 partici
237 2654 291 2715 es,
303 2639 412 2718 petere
424 2630 623 2696 consulatum
638 2631 754 2696 Gaium
768 2633 952 2716 Antonium,
969 2653 1063 2720 quem

99 2715 222 2784 sibico
248 2739 341 2803 egam
362 2716 430 2781 fore
453 2725 611 2805 speraret,
633 2717 796 2783 hominem
818 2729 850 2785 et
875 2718 1064 2784 familiarem

99 2814 132 2870 et
154 2803 301 2870 omnibus
322 2801 611 2868 necessitudinibus
633 2805 901 2890 circumventum
931 2827 1003 2869 cum
1025 2825 1063 2869 oo

100 2913 136 2957 se
158 2889 321 2956 consulem
342 2890 467 2954 initium
489 2889 609 2975 agundi
629 2889 796 2958 facturum.
836 2891 890 2958 Ad
903 2891 965 2957 hoc
978 2888 1090 2960 malet

57 2977 194 3042 sedistis
214 2977 360 3062 increpat
381 2975 482 3040 omnis
503 2975 622 3060 bonos,
653 2998 782 3042 suornm
807 2996 1063 3078 unumquemque

100 3063 269 3130 nominans
292 3061 439 3145 laudar03
463 3059 655 3129 admonebat
675 3062 773 3130 alium
795 3072 945 3152 egestam
967 3061 1065 3126 alium

104 3173 144 3215 cu
166 3148 284 3214 iditatis
315 3169 407 3231 suae,
438 3147 599 3235 conpluris
624 3149 759 3252 periculi
788 3159 842 3216 aut
862 3147 1065 3236 ignominiae,

99 3259 133 3301 m
167 3245 216 3301 tos
238 3235 390 3301 victoriae
406 3231 565 3318 Sullanae,
589 3235 703 3322 quibus
726 3257 765 3301 ea
807 3236 923 3301 raedae
944 3234 1063 3299 fuerat:

101 3331 270 3410 postquam
292 3320 433 3386 omnium
454 3321 576 3385 animos
606 3321 719 3387 alacris
748 3258 853 3406 vilet,
884 3320 1090 3392 cohortatust

59 3425 91 3475 ³5
101 3417 137 3473 ut
146 3409 331 3495 petitionem
346 3427 436 3472 suam
448 3424 542 3472 curae
552 3406 716 3491 haberent,
733 3413 925 3476 conventum
936 3406 1064 3474 dimisit.

100 3494 206 3559 Fuere
228 3515 268 3558 ea
285 3499 473 3580 tempestate
492 3493 548 3579 qui
563 3491 713 3579 dicerent,
737 3492 907 3562 Catilium
922 3493 1116 3569 orationes!

101 3579 211 3647 habita
240 3591 312 3645 cum
341 3578 383 3644 ad
410 3578 628 3646 iusiurandum
659 3578 822 3668 popularis
855 3579 985 3647 sceleris
1014 3579 1064 3646 sui
