2502 3968
367 1115 871 1232 OiTlLlNA

535 1335 687 1350 mann-—

207 1467 325 1559 Omnis
339 1491 493 1576 homines,
509 1493 564 1580 qui
578 1515 648 1558 seso
663 1493 790 1560 student
804 1501 966 1581 praestaro
984 1495 1126 1578 oeteris1

138 1577 339 1661 animalibus,
362 1581 486 1660 summa
507 1599 568 1666 ope
588 1576 647 1645 niti
669 1579 769 1666 deoet,
792 1595 833 1644 ne
854 1579 954 1646 vitam
972 1581 1097 1646 silentio

10 1673 11 1738 j
136 1669 302 1730 transeant
328 1663 430 1728 veluti
445 1676 591 1752 'peoona3
622 1684 704 1817 (gnae
732 1675 846 1731 natura
873 1687 976 1754 prona
1003 1676 1098 1755 atque

137 1753 244 1816 venui
273 1747 455 1815 obedientia
482 1751 585 1816 finxit
654 1751 695 1816 ed
722 1761 832 1817 nostra
860 1753 962 1818 omnis
992 1754 1042 1818 vis
1064 1754 1123 1834 in2

111 1837 244 1907 tunimo
267 1841 299 1901 et
321 1845 453 1923 corpore
475 1837 537 1901 sits
558 1844 622 1902 est:
659 1839 757 1902 animi
777 1840 928 1926 imperio,
954 1841 1097 1926 eorporis

10 1941 11 1948 ¹
137 1923 268 1989 servitio
278 1923 381 2008 magis
391 1922 524 2006 utimum
539 1921 674 1990 alterum
683 1923 776 1989 nobis
788 1944 860 1989 eum
873 1925 951 2008 deis,
964 1926 1098 1990 alterum

138 2031 212 2075 eum
232 2008 336 2074 beluis
360 2027 526 2084 eommuna
549 2017 606 2074 est
644 2009 715 2092 Quo
736 2009 815 2074 mihi
836 2011 953 2074 rectius
971 2011 1122 2094 videtur3

136 2095 247 2184 ingeni
261 2117 357 2202 quam
369 2095 487 2159 virium
502 2093 614 2182 opibus
629 2095 763 2182 gloriam
778 2111 940 2182 quaerere,
964 2105 1004 2180 et,
1021 2119 1096 2183 quo·

136 2183 224 2248 niam
248 2191 317 2247 vita
341 2181 413 2269 ipsa
439 2201 503 2267 qna
527 2181 660 2246 finimur
685 2181 793 2246 brevis
823 2191 884 2266 est,
911 2185 1097 2248 memoriam

95 2289 127 2340 ιο
136 2268 237 2334 nostm'
252 2289 348 2356 quam
360 2289 510 2332 maxume
524 2265 653 2353 longam
664 2267 800 2333 efficere.
822 2267 905 2334 Nam
915 2269 1122 2352 divitiarum

137 2363 170 2420 et
190 2354 310 2420 formae
332 2353 434 2442 gloria
454 2353 542 2418 fluxa
564 2363 658 2442 atque
677 2353 799 2442 fragilis
822 2364 879 2430 est,
894 2355 995 2420 virtus
1011 2353 1097 2422 olma

137 2451 329 2531 aeternaque
350 2439 495 2506 habetur.
549 2455 551 2462 ·

202 2522 268 2592 Sed
296 2524 351 2590 din
379 2547 530 2611 magnum
557 2527 645 2605 inter·
668 2525 810 2592 mortalis
840 2537 1001 2593 certamen
1027 2527 1206 2612 fisit‚²(¹.·5)

137 2613 212 2677 vine
233 2611 382 2699 ¹eorporis
409 2631 451 2676 an
477 2613 592 2676 ‘virtute
619 2612 716 2677 animi
742 2635 794 2677 res
822 2613 967 2678 militaris
993 2615 1095 2700 magis

95 2720 127 2769 15
137 2697 333 2786 procederet
375 2696 459 2762 Nam
486 2707 518 2762 et
543 2698 631 2784 p'rius
659 2719 754 2784 quem
779 2700 914 2786 incipias
942 2701 1094 2783 consulto,
1106 2715 1155 2782 (6)

138 2795 170 2851 et
190 2781 247 2850 ubi
269 2781 464 2849 consuluen's
486 2793 608 2850 maturo
625 2784 743 2850 faotoo
766 2807 804 2850 us
820 2795 877 2852 est
914 2786 964 2851 Ita
976 2795 1094 2852 utnun-
1106 2801 1155 2868 (t)

158 2892 200 2935 ue
233 2891 292 2957 per
320 2892 355 2936 so
389 2867 536 2956 indigens
566 2869 700 2936 alterum
760 2872 857 2936 terius
887 2871 987 2937 auxili
1013 2881 1093 2958 eget.

135 2894 238 3022 il‘tur
262 2955 352 3021 initio
379 2977 472 3045 reges
493 2993 537 3010 -
557 2977 632 3022 nam
658 2958 692 3022 in
717 2958 810 3022 terris
837 2979 953 3022 nomen
981 2957 1160 3044 imperim)

136 3043 148 3106 i
190 3042 329 3132 primum
349 3042 408 3106 fuit
421 3080 465 3092 —
479 3041 599 3110 divorsi
619 3065 694 3132 pars
714 3044 885 3130 ingenium,
909 3043 964 3108 alii
979 3063 1094 3131 eorpus

91 3126 346 3213 2oaxeroobant3
370 3129 539 3194 'etiamtum
558 3131 627 3195 vita
646 3128 810 3196 hominum
831 3130 900 3195 sine
923 3130 1094 3217 cupiditate

135 3212 323 3302 agitabatur,
347 3237 405 3279 sua
426 3215 539 3304 auique
562 3217 638 3280 satis
682 3215 837 3282 lucebant.
877 3215 995 3281 Postea
1014 3234 1119 3287 veroa

157 3324 232 3368 uam
260 3301 295 3366 in
321 3299 543 3388 Asiacyns,
572 3303 607 3366 in
634 3238 770 3371 Giaeoia
790 3301 1036 3368 Lacedaemonii
1062 3311 1094 3367 et

135 3325 347 3454 ithenienses
370 3388 503 3475 coepere
525 3385 612 3454 urbis
634 3387 778 3454 nationes
799 3387 956 3476 subigere,
979 3387 1093 3453 lubidi-

135 3498 209 3559 nem
232 3473 416 3556 dominandi
437 3493 583 3538 caussam
603 3471 682 3540 belli
695 3473 813 3539 habere
828 3493 1011 3540 maxumam
1025 3474 1091 3561 glo·

90 3561 215 3633 sonam
236 3561 270 3625 in
292 3557 442 3625 maxumo
463 3557 596 3646 imperio
617 3567 746 3644 putare,
773 3569 840 3625 tum
862 3559 989 3685 demum
1009 3561 1091 3647 peri·
1208 3591 1209 3596 ¹
