2520 3966
364 263 594 330 [VGVRTHA
617 265 744 332 37-38
997 267 1037 333 75

69 441 258 508 continuare
283 437 503 526 magistratum
535 437 733 522 nitebantur,
768 461 849 527 quae
882 439 1038 506 dissensio

67 528 167 594 totius
197 527 272 594 anni
305 527 432 592 comitia
453 524 646 612 inpediebat.
689 525 740 590 Ea
768 548 858 591 mora
886 527 920 590 in
949 545 1064 612 spems

67 613 226 679 adductus
247 611 367 697 Aulus,
395 634 489 699 quem
510 634 568 700 pro
590 621 737 698 praetore
759 613 794 678 in
817 614 926 678 eastris
948 613 1039 676 relie-

67 709 137 766 tum
162 722 258 786 supra
282 699 437 782 diximus,
463 707 517 763 aut
539 697 730 764 oonfieismdi
748 698 826 764 belli
844 707 899 762 aut
919 707 1040 764 terrore

38 787 232 859 sexercitus
254 786 293 850 ab
316 807 392 871 rege
414 785 569 886 pecuniae
590 806 627 849 oa
650 783 775 868 iundae,
799 785 915 850 milites
930 807 1039 850 mense

68 872 220 938 Ianuario
244 894 285 935 ex
306 870 448 936 hibemrs
469 872 504 936 in
527 893 609 957 expe
635 869 764 935 'tionem
794 879 921 954 evocat,
951 893 1038 957 mag·

69 959 122 1023 nis
145 981 187 1022 ue
202 956 377 1039 itineribus,
400 957 505 1022 hieme
521 979 644 1044 aspera,
666 959 813 1043 pervenit
829 957 870 1022 ad
885 957 1037 1045 oppidum

69 1044 117 1110 Su
153 1043 204 1128 ul,
226 1042 283 1110 ubi
303 1045 388 1129 regis
411 1041 551 1107 thesauri
580 1052 677 1107 erant.
724 1041 818 1122 Quod
848 1046 1062 1130 quamquam⁴

71 1138 103 1196 et
126 1130 260 1195 saevitia
281 1130 432 1216 temporis
456 1139 487 1194 et
510 1131 721 1216 oportunitate
745 1128 806 1194 loci
830 1151 933 1215 neque
956 1131 1037 1216 oapi,

23 1239 56 1288 so
69 1239 176 1303 neque
199 1215 339 1282 obsideri
352 1225 476 1304 poterat
496 1254 541 1264 —
561 1239 636 1279 nam
651 1215 771 1280 circum
786 1238 920 1299 murum,
943 1217 1038 1282 situm

65 1305 99 1368 in
121 1304 285 1391 praerupti
299 1303 415 1368 montis
432 1311 583 1386 extremo,
606 1302 754 1388 planities
770 1301 883 1366 limosa
896 1301 1036 1368 hieman-

66 1389 154 1453 tibus
177 1391 267 1475 aquis
289 1388 438 1475 paludem
460 1389 580 1453 fecerat
594 1429 645 1472 -,
669 1398 775 1453 tamen
798 1397 852 1452 aut
867 1387 1036 1454 simulandi

66 1475 189 1562 gratia,
214 1497 275 1561 quo
298 1476 368 1560 regi
389 1475 591 1540 formidinem
620 1474 769 1560 adderet,
804 1482 858 1539 aut
887 1473 1035 1562 cupidine

67 1583 186 1626 oaeeus
209 1561 249 1626 ob
272 1559 436 1626 thesauros
460 1561 569 1648 oppidi
597 1561 756 1649 potiundi,
789 1562 900 1627 vineas
929 1583 1034 1644 aere,

24 1667 221 1734 toaggerem
257 1648 378 1728 iaoere,
412 1646 537 1734 aliaque
576 1671 656 1735 qnae
686 1649 813 1735 incepto
841 1670 903 1712 usu
945 1657 1035 1713 orent

63 1755 249 1835 properare.
290 1733 336 1796 At
355 1733 393 1796 Iu
417 1733 525 1816 urtha,
556 1736 682 1820 cognita
709 1734 849 1799 vanitate
872 1744 965 1819 atque
987 1736 1083 1808 in-se

12 1889 13 1918 ,
62 1821 181 1908 peritia
195 1819 306 1920 legati,
331 1755 483 1884 subdolus
507 1818 574 1884 eius
590 1843 706 1906 augere
728 1821 907 1902 amentiam,
931 1821 1033 1885 missi·

11 1928 12 1950 ¹
63 1916 134 1972 tare
158 1903 365 1993 suppheantis
389 1905 527 1990 legatos,
557 1907 626 1992 ipso
649 1907 739 1994 quasi
761 1905 954 1970 vitabundus
975 1928 1034 1996 per

63 1991 208 2057 saltuosa
229 1991 300 2057 loca
322 2000 354 2056 et
367 1992 509 2056 tramites
526 1995 700 2057 exereitum
716 1992 855 2056 ductare.
884 1991 1058 2081 Deniques

22 2095 53 2144 ²0
62 2078 185 2145 Aulum
207 2100 265 2166 spe
285 2078 441 2166 pactionis
462 2077 616 2166 perpulit,
644 2079 691 2143 uti
712 2078 822 2144 relicto
845 2077 978 2143 Suthule
1000 2080 1033 2143 in

64 2165 191 2230 abditas
217 2166 365 2251 regiones
393 2187 463 2229 sese
492 2163 592 2229 veluti
620 2165 785 2228 cedentem
814 2165 1033 2251 insequeretur

65 2253 121 2332 [ita
141 2251 259 2317 delicta
274 2249 447 2316 oeeultiora
461 2249 576 2335 fuere];
600 2252 723 2315 interea
761 2273 795 2313 or
809 2250 953 2316 homines
969 2251 1056 2323 eal-a

63 2335 147 2404 lidos
171 2338 225 2402 diu
247 2347 406 2423 noctuque
426 2337 601 2402 exereitrm
623 2274 815 2424 temptabat,
840 2338 1031 2403 centurionis

64 2424 227 2512 ducesque
260 2433 433 2488 humarum
471 2424 587 2509 partim
620 2423 666 2486 uti
698 2423 932 2510 transfugerent
964 2447 1030 2489 eor-

23 2529 52 2577 ²5
62 2533 226 2598 rumpere,
249 2509 304 2575 alii
326 2511 417 2596 signo
440 2509 513 2574 dato
535 2508 641 2574 looum
663 2511 709 2574 uti
724 2509 924 2576 desererent:
951 2532 1057 2599 quaes

62 2606 232 2699 postquam
255 2619 296 2662 ex
319 2597 476 2662 sententia
497 2597 640 2679 instruit,
663 2598 855 2683 intempesta
875 2605 968 2662 noete
990 2596 1031 2660 de

62 2685 226 2770 inproviso
248 2682 449 2748 multitudine
463 2681 673 2746 Numidarum
687 2681 764 2746 Auli
780 2693 883 2748 eastra
899 2684 1029 2746 eircum-

63 2770 160 2835 renit
209 2769 328 2834 Milites
361 2768 513 2851 Romani,
574 2768 690 2834 eroulsi
725 2769 862 2834 tumultu
893 2767 1054 2852 insolitas

63 2879 153 2920 arma
174 2877 288 2941 capere
310 2854 373 2939 alii,
398 2853 453 2918 alii
475 2876 509 2918 se
532 2792 660 2934 abdere,
682 2877 756 2940 pars
772 2857 896 2920 territos
919 2853 1029 2918 confir-

23 2957 170 3025 aomam,
193 2940 352 3029 trepidare
376 2939 522 3006 omnibus
545 2941 641 3023 locis5
671 2942 720 3005 vis
743 2964 860 3026 magna
881 2941 1029 3023 hostium,

64 3027 190 3094 caelum
210 3037 303 3094 nocte
326 3037 420 3114 atque
442 3025 581 3092 nubibus
605 3027 824 3110 obscuratum,
852 3024 1029 3112 perieulum

63 3137 199 3201 anceps:
221 3121 382 3201 postremo
404 3113 514 3199 sugere
538 3136 579 3177 an
600 3135 729 3178 manere
752 3113 848 3177 tutius
870 3111 967 3195 soret,
995 3113 1029 3176 in

62 3201 183 3265 inserto
207 3208 283 3264 erat.
328 3197 393 3265 Sed
415 3221 457 3264 ex
480 3220 517 3264 eo
539 3221 688 3283 numero,
719 3220 797 3285 quos
824 3197 932 3284 paullo
956 3207 1053 3276 antee

64 3296 227 3373 corruptos
251 3286 405 3369 diximus,
429 3284 542 3352 cohors
564 3310 629 3351 una
641 3285 796 3372 Ligurum
818 3306 890 3349 eum
905 3283 1028 3349 duabus

24 3372 174 3441 sommis
189 3372 369 3438 Thraecum
391 3381 423 3438 et
443 3373 554 3459 pausis
577 3373 730 3458 gregariis
754 3370 905 3436 militibus
928 3380 1028 3436 trans-

61 3461 127 3526 iere
151 3457 191 3525 ad
212 3481 332 3546 regem,
356 3467 388 3525 et
410 3460 551 3524 centurio
573 3461 669 3547 primi
687 3457 745 3546 pili
765 3459 877 3524 tertiae
892 3456 1027 3544 legionis

62 3568 116 3633 per
152 3547 377 3632 munitionem,
415 3568 510 3634 quam
538 3549 589 3612 'uti
630 3543 815 3611 defenderet
850 3553 1026 3634 acceperat,
