2502 3968
350 251 554 316 CATHANA
575 251 636 316 43-
648 251 710 316 -45
961 253 1001 320 27

55 422 180 489 ineilior
205 422 308 488 editus
330 423 371 487 ad
398 423 559 489 consulem
586 433 705 490 eeteros
728 445 768 489 ue
794 423 908 509 quibus
930 425 1003 487 insi-

707 447 728 528 ‘l

56 509 127 574 dise
154 507 347 596 parabantru
371 508 475 591 fieret3
504 507 663 594 Cethegus
688 509 851 575 C1oeronis
878 510 1004 573 ienuam

56 594 217 695 obsideret
238 615 372 696 eumque
392 596 427 658 vi
448 592 679 678 adgrederetur,
702 594 782 696 alius
803 596 878 658 item
893 593 1003 677 alium3

34 677 416 850 eiihffliiffmihilllit
446 678 1006 847 tttttttsstlltlhfflt

57 849 204 914 inoendio
218 847 373 934 peruulsis
389 849 542 932 omnibus,
558 849 600 912 ad
614 847 782 913 Catilinam
797 859 1004 935 erumperent.

57 934 144 998 Inter
172 933 251 997 haec
302 943 389 997 arata
417 944 510 1020 atque
537 933 665 998 decreta
694 933 852 1018 Cethegus
882 955 1030 1019 sempera

79 1018 248 1082 uerebatur
291 1041 308 1083 e
330 1020 457 1102 ignavia
478 1021 649 1086 sociorum:
685 1018 757 1082 illos
783 1015 953 1083 dubitando
977 1030 1008 1083 et

57 1042 127 1168 dies
158 1103 343 1191 prolata-ndo
378 1127 509 1189 magnas
540 1105 757 1190 oportunitatis
793 1124 1007 1190 eorrumpere3

23 1213 46 1257 to
57 1189 156 1272 laeto,
178 1210 242 1253 non
264 1187 405 1254 consulto
426 1190 462 1254 in
481 1189 537 1253 teli
550 1187 689 1274 periculo
706 1211 784 1274 opus
799 1210 878 1271 esse,
901 1211 1007 1276 seque,

58 1275 85 1338 si
107 1276 200 1359 pauci
224 1273 424 1354 adiuvarent,
446 1272 666 1358 languentibus
688 1274 774 1356 eliis,
803 1275 954 1358 impetum
975 1277 1009 1338 in

58 1361 180 1422 orniam
205 1358 369 1422 facturum.
411 1359 532 1424 Natura
558 1358 665 1440 ferox,
693 1359 880 1443 vehemens,
913 1381 1032 1428 manus

56 1453 224 1530 promptus
237 1453 318 1508 erat:
330 1465 512 1508 maxumum
522 1443 640 1508 bonum
650 1445 685 1508 in
695 1443 854 1508 eeleritate
868 1445 1007 1530 putabat

123 1528 189 1594 Sed
208 1527 398 1612 Allobroges
420 1551 461 1593 ex
481 1537 650 1614 praecepto
665 1525 827 1594 Ciceronis
841 1551 898 1614 per
913 1529 1008 1594 Gabi·
1019 1551 1056 1598 tt

23 1614 147 1680 onium
170 1623 290 1678 eeteros
313 1615 516 1695 conveniunt3
546 1613 585 1677 ab
613 1613 748 1679 Lentulo
778 1613 918 1700 Cethego
940 1615 1008 1680 Sta-

57 1699 144 1780 tilio,
166 1700 242 1762 item
264 1697 374 1762 Cassio
395 1698 555 1782 postulant
575 1701 624 1764 ius
644 1700 821 1782 iurandum,
842 1700 927 1787 quod
947 1701 1009 1785 sig-

7 1739 8 1828 l
58 1793 170 1848 natmn
191 1783 233 1848 ad
254 1783 332 1848 civis
353 1783 526 1868 perierant:
556 1784 645 1848 aliter
666 1783 752 1850 haud
771 1784 865 1849 faoile
892 1808 945 1851 eos
968 1787 1010 1850 ad

60 1879 183 1934 tantum
209 1869 369 1954 negotium
395 1868 505 1954 inpelli
524 1892 628 1954 posse.
674 1869 779 1936 Ceteri
804 1871 882 1936 nihil
910 1893 962 1935 sus
984 1871 1033 1937 i-2

59 1963 170 2020 cantes
192 1953 282 2035 dant,
306 1951 435 2018 Cassius
457 1962 557 2019 semet
578 1977 615 2020 eo
629 1954 720 2020 brevi
733 1965 899 2022 venturum
919 1893 1009 2041 polli-

22 2058 50 2106 ro
60 2049 151 2104 cetur
179 2061 217 2102 ao
243 2036 351 2125 paullo
379 2047 452 2102 ante
478 2038 510 2104 le
551 2047 601 2106 tos
627 2063 668 2106 ex
693 2041 772 2106 urbe
793 2041 1009 2126 proficiscitur.

58 2123 215 2210 Lentulus
236 2145 309 2188 eum
330 2125 377 2190 eis
397 2122 505 2190 Titum
549 2125 713 2191 oltuuoium
732 2126 887 2211 quendam
902 2125 1034 2195 oroma

60 2211 205 2274 niensem
225 2210 336 2292 mittit,
364 2217 401 2274 ut
427 2207 618 2294 Allobroges
645 2212 732 2296 prius
762 2233 856 2297 quam
884 2211 1011 2276 domum

60 2300 248 2380 pergerent,
281 2317 353 2358 oum
386 2292 523 2370 Catilina
555 2295 628 2360 data
659 2306 691 2360 at
712 2318 752 2360 ue
784 2305 915 2381 aooepts
948 2296 1011 2361 fide

62 2381 246 2444 societatem
272 2379 504 2448 confirmarent.
545 2380 619 2465 Ipse
646 2319 808 2446 Volturcio
830 2381 949 2446 litteras
971 2382 1035 2452 adr

23 2479 52 2529 25
63 2464 235 2532 Catilinam
256 2463 319 2549 dat,
341 2486 474 2550 quarum
489 2465 669 2551 exemplum
683 2465 765 2530 infra
779 2467 931 2552 sen‘ptum
946 2476 1009 2532 est:

123 2545 201 2628 ‘Qui
229 2550 303 2633 sim,
339 2572 382 2614 ex
409 2571 447 2614 eo
478 2571 571 2636 quem
601 2551 642 2614 ad
669 2560 701 2616 te
729 2551 801 2616 misi
829 2571 1036 2637 cognoscere

61 2635 130 2700 Fae
152 2636 285 2720 cogites,
307 2636 341 2700 in
362 2644 480 2720 quanta
500 2635 677 2702 calamitate
698 2637 755 2720 sis,
779 2646 811 2700 et
831 2639 1011 2702 memineris

62 2730 94 2786 te
115 2721 220 2785 virum
241 2741 328 2803 esse;
350 2720 546 2804 consideres,
569 2721 645 2806 quid
665 2730 737 2786 tuae
751 2723 888 2786 rationes
907 2731 1012 2808 postu·

63 2805 144 2886 lent,
167 2803 319 2870 auxilium
363 2813 429 2868 etas
450 2804 490 2870 ab
513 2807 673 2888 omnibus,
701 2807 795 2871 etiem
816 2806 856 2871 ab
877 2803 1008 2872 infimis!

24 2911 55 2960 ao
126 2889 181 2955 Ad
195 2889 255 2954 hoo
269 2911 343 2954 man
384 2899 418 2954 to
430 2889 537 2955 verbis
552 2891 622 2956 dat:
639 2890 720 2956 Cum
734 2891 774 2958 ab
789 2903 900 2958 senatu
914 2891 1038 2961 hostiss

64 2975 219 3040 iudicatus
240 2976 296 3058 sit,
318 2997 380 3061 quo
402 2976 532 3040 oonsilio
548 2978 676 3042 servitia
688 2977 855 3062 repudiet?
882 2977 921 3042 In
934 2976 1013 3040 urbe

64 3070 176 3210 parapla
197 3075 283 3142 esse',
305 3079 386 3144 quae
407 3061 547 3127 iusserit:
569 3084 610 3126 ne
625 3072 788 3128 cunctetur
801 3065 870 3150 ipse
884 3063 1013 3149 propius

64 3168 141 3214 aooe
165 3169 227 3210 ere.

128 3231 189 3296 His
215 3230 310 3296 rebus
336 3231 382 3294 ita
406 3229 498 3315 actis,
532 3233 699 3298 constituta
725 3240 818 3297 noete
852 3254 915 3317 qua
942 3252 1062 3318 pro-45

27 3337 55 3385 ³5
64 3318 289 3400 lioisoerentur,
310 3314 422 3381 Cicero
436 3338 495 3416 per
508 3315 629 3405 legatos
645 3327 757 3384 cuneta
771 3317 901 3382 edoctus
913 3317 1013 3383 Luoio

64 3402 194 3469 Vslerio
209 3399 325 3467 Flacco
341 3409 373 3464 et
387 3399 467 3466 Caro
478 3399 645 3488 Pomptino
658 3402 855 3490 praetoribus
869 3405 1012 3489 imperat,

65 3499 100 3554 nt
120 3489 155 3552 in
175 3496 271 3573 ponte
291 3483 412 3551 Mulvio
439 3509 498 3573 per
524 3487 655 3554 insidias
682 3486 890 3574 Allobrogum
918 3489 1013 3556 eomi-
