2520 3966
170 194 212 259 'l0
500 193 727 260 IVGVRTHA
746 196 785 258 31

170 385 232 452 que
253 385 324 448 eos,
347 366 403 452 qui
422 387 463 430 ea
482 365 603 448 secere,
624 365 724 453 pudet
745 374 799 430 aut
819 366 974 453 paenitet,
998 381 1056 431 seu
1076 388 1119 429 m·

169 449 286 516 cedunt
305 474 365 538 per
385 473 442 515 ora
461 461 571 516 vostra
590 451 766 538 magnifici,
798 451 976 516 sacerdotia
996 460 1029 517 et
1050 473 1121 516 con-

170 535 309 620 sulatus,
339 559 415 686 pars
441 537 616 624 biumphos
645 559 720 602 suos
749 547 957 608 ostentantes.
990 536 1124 625 proinde
1236 605 1237 608 Ἴ

1236 509 1237 552 l

129 623 261 712 11quasi
282 645 322 687 ea
1236 625 1237 718 l

191 710 272 774 arati
282 709 399 773 iniusta
412 709 546 796 imperia
566 709 765 774 dominorum
778 731 843 773 non
856 709 1033 796 perferunt:
1056 730 1146 790 vos,5
1236 727 1237 780 t

224 797 320 876 ''tes,
342 796 475 881 impetio
496 795 573 878 nati,
595 817 697 882 aequo
719 797 825 860 animo
839 796 1024 860 servitutem
1045 794 1125 858 tole-
1236 799 1237 874 i

127 898 156 949 12
170 883 256 948 ratis.
292 879 338 946 At
358 881 413 968 qui
427 890 500 945 sunt
514 881 554 964 ei,
577 883 632 984 qui
644 903 713 944 rem
726 879 889 967 publicam
902 879 1125 966 occupavere?

169 967 324 1032 Homines
357 966 618 1050 sceleratissumt,
651 968 789 1030 eruentis
822 966 968 1030 mambus
1004 967 1126 1030 inmani

363 624 467 706 onori,
494 645 560 688 non
584 623 723 710 praedae
745 623 892 687 babeant
935 623 1029 688 Servi
1051 645 1126 686 aere

171 1053 320 1135 avaritia,
341 1055 569 1117 nocentissumi
590 1061 622 1118 et
650 1052 754 1117 eidem
783 1052 1027 1138 superbissumi,
1059 1053 1127 1153 Qui·

170 1138 230 1203 bus
251 1137 331 1203 fides
352 1138 450 1220 decus
472 1140 591 1225 pietas,
619 1147 780 1224 postremo
807 1137 942 1204 honesta
962 1148 1057 1225 atque
1079 1161 1126 1200 m·
1138 1160 1164 1208 10
1236 1165 1237 1198 l

130 1223 303 1294 labeneste
324 1227 431 1291 omnia
452 1226 598 1314 quaestui
619 1234 701 1288 sunt
737 1225 817 1288 Pars
840 1247 950 1289 eorum
971 1223 1126 1289 occidisse

170 1310 313 1376 tribunos
347 1309 469 1396 plebis,
502 1310 557 1374 alii
578 1312 778 1398 quaestiones
799 1312 949 1393 iniustas,
981 1309 1063 1396 pleri
1085 1331 1127 1372 ue

131 1418 162 1469 14
171 1396 302 1462 caedem
322 1397 356 1459 in
383 1418 442 1461 vos
470 1396 584 1461 fecisse
604 1419 663 1483 pro
684 1397 880 1462 munimento
906 1395 1033 1461 habent.
1095 1405 1129 1458 ta

170 1504 266 1572 quam
287 1482 419 1570 quisque
440 1505 588 1568 pessume
608 1483 697 1565 fecit,
719 1493 786 1547 tam
798 1504 948 1548 maxume
961 1491 1047 1546 tuom
1062 1489 1127 1564 eet;

170 1579 289 1635 metum
310 1566 351 1632 ab
373 1566 494 1633 scelere
515 1591 572 1634 suo
601 1568 644 1634 ad
670 1570 832 1656 ignaviam
858 1577 999 1634 vostram
1024 1576 1166 1639 trans-15
1236 1591 1237 1644 l

171 1653 289 1738 tulere;
322 1675 401 1741 quos
436 1656 539 1718 omnis
567 1655 679 1720 eadem
711 1677 842 1743 cupere,
876 1653 988 1718 eadem
1020 1653 1127 1719 odisee
1236 1649 1237 1678 ¹

132 1739 295 1824 151eadem
323 1745 474 1822 metuere]
503 1741 538 1804 in
565 1764 664 1806 unum
695 1743 809 1826 coegit
852 1738 919 1806 Sed
941 1739 1022 1804 haec
1044 1741 1129 1804 inter

146 1827 272 1900 sbonos
294 1827 449 1912 amicitia,
470 1827 554 1892 inter
573 1827 674 1892 malos
696 1827 791 1892 factio
814 1835 872 1892 est.
901 1823 998 1908 Quod
1018 1827 1129 1892 sitam
1236 1815 1237 1882 Ῐ

170 1936 229 1980 vos
258 1912 412 1979 libertatis
434 1935 543 1978 curam
569 1911 745 1996 haberetis,
779 1935 874 2000 quam
894 1913 944 1978 illi
965 1913 1006 1978 ad
1027 1911 1128 1979 domi·
1236 1989 1237 1998 ἵ

171 2001 331 2066 nationem
355 2001 483 2065 accensi
506 2007 594 2082 sunt,
621 1999 763 2087 profecto
788 2021 893 2086 neque
914 2021 966 2064 res
987 1997 1127 2086 publica,
1137 2020 1167 2069 20

171 2087 264 2152 sicuti
291 2108 391 2170 nune,
423 2093 616 2168 vastaretur,
650 2095 683 2150 et
708 2083 858 2150 benificia
888 2093 997 2151 vostra
1027 2107 1128 2172 penes

132 2193 162 2244 Π
172 2181 333 2260 optumos,
364 2194 430 2238 non
447 2171 687 2256 ‚audacissumos
713 2171 826 2237 forent
868 2171 1006 2237 Maiores
1027 2173 1129 2236 vostri

170 2258 305 2348 parandi
325 2259 402 2322 iuris
425 2267 458 2323 et
478 2259 651 2323 maiestatis
681 2255 919 2323 constituendae
946 2257 1049 2343 gratia
1076 2256 1128 2321 bis

171 2366 230 2431 per
251 2343 462 2408 secessionem
484 2346 596 2408 aamati
616 2343 810 2409 Aventinum
832 2365 1046 2431 occupavere,
1068 2363 1127 2407 vos

171 2451 229 2517 pro
251 2426 405 2511 libertate,
428 2451 523 2515 quam
545 2429 585 2494 ab
607 2430 669 2494 illis
684 2430 862 2516 accepistis,
884 2452 990 2495 noune
1005 2449 1167 2499 summale

172 2537 232 2602 ope
253 2513 418 2578 nitemini?
440 2523 534 2601 atque
557 2537 594 2581 eo
615 2517 851 2598 vehementius,
873 2538 935 2602 quo
949 2516 1051 2580 maius
1074 2513 1128 2580 de·

173 2601 269 2666 decus
285 2608 333 2664 cst
346 2609 438 2688 pelta
451 2601 605 2685 amittere,
624 2625 718 2690 quam
733 2602 861 2666 omnino
874 2624 939 2666 non
975 2603 1127 2666 araviase.

134 2707 162 2760 ts
234 2685 331 2751 Dicet
351 2684 483 2772 aliquis:
506 2686 592 2768 Quid
612 2689 709 2774 igitur
722 2687 857 2753 censes?
892 2687 957 2753 Vin
980 2687 1129 2753 ’candum
1236 2719 1237 2744 ι

171 2773 206 2838 in
238 2793 310 2856 eos,
343 2772 398 2860 qui
425 2772 511 2838 boeti
540 2773 708 2861 prodidere
734 2797 803 2839 rem
830 2773 1013 2861 publicam?
1055 2774 1130 2838 Non

171 2881 268 2924 manu
288 2880 392 2946 neque
412 2858 461 2941 vi,
491 2860 576 2945 quod
596 2862 698 2946 magis
724 2883 782 2926 vos
810 2860 925 2924 fecisse
947 2881 1043 2947 quam
1064 2859 1168 2932 illisae

173 2945 326 3009 accidisse
348 2943 513 3030 indignmn
536 2955 600 3029 est,
628 2970 740 3012 vertum
762 2947 998 3096 pppaestionibus
1029 2955 1061 3010 et
1080 2948 1127 3011 in·
1236 2973 1237 3024 ,

746 3055 764 3096 e

134 3051 162 3102 ta
173 3031 255 3096 dicio
277 3032 376 3118 ipsius
397 3030 584 3116 Iugurthae:
606 3034 661 3117 qui
682 3033 746 3096 sid
799 3034 891 3098 tioius
906 3043 963 3116 est,
985 3031 1126 3120 profecto
1236 3075 1237 3098 ι

172 3117 266 3182 iussis
279 3118 395 3182 vostris
411 3116 583 3183 oboediens
598 3120 673 3202 erit3
690 3120 740 3182 sin
755 3140 794 3182 ea
808 3121 990 3202 contemnit,
1007 3118 1127 3183 scilicet

172 3201 418 3285 existumabitis,
443 3202 545 3290 qualis
566 3203 622 3266 illa
642 3227 708 3290 pax
729 3213 783 3268 aut
798 3203 915 3269 deditio
931 3207 980 3287 sit,
1004 3227 1045 3269 ex
1066 3226 1127 3289 qua

173 3287 214 3354 ad
234 3287 419 3374 Iugustham
441 3289 597 3354 scelerum
617 3291 793 3376 inpunitas,
816 3289 858 3354 cd
878 3312 996 3375 paucos
1018 3300 1125 3377 poten·
1135 3311 1165 3361 35
1236 3327 1237 3362 t

172 3374 213 3439 tia
227 3395 395 3438 maxumae
411 3373 550 3459 divitiae,
572 3374 614 3439 ad
633 3375 876 3461 rempublicam
898 3375 1014 3440 damna
1034 3385 1126 3463 atque
1236 3453 1237 3464 ,

130 3457 331 3532 aodedecora
351 3462 568 3546 pervenerint,
596 3462 659 3525 nisi
679 3461 760 3526 forte
781 3459 921 3526 nondum
948 3464 1042 3526 etiam
1069 3484 1125 3527 voe
1236 3465 1237 3536 J

76 3812 175 3904 f.-
