2520 3966
422 259 650 351 iterumn
671 265 797 349 m-*ts
1042 263 1086 350 to

130 468 341 545 cognoverat,
375 457 497 522 eminus
525 457 695 543 pugnando
722 457 867 522 eunus.
911 456 960 522 llo
991 451 1136 526 modo&

128 547 214 609 inter
236 565 270 608 se
292 541 354 609 duo
369 544 584 630 imperatores,
608 543 721 607 summi
738 543 809 627 viri,
832 541 1002 627 certabant,
1024 543 1086 629 ipsi

127 627 1110 800 tter⁰tsst²m1tttt¹¹ttttttbutttt⁰tt⁰tit?

360 765 368 798 r
666 763 675 797 ν
859 761 874 779 ⁹

100 799 1110 988 ⁵tutttttdtttttaittttftttotbtt⁸

129 973 255 1062 copiam
275 995 319 1061 pu
363 972 438 1037 andi
458 971 528 1036 fierr
549 973 722 1036 -etiam
745 971 795 1036 die
815 993 930 1058 vesper
951 981 1018 1038 erat
1031 1009 1083 1057 -,

129 1057 265 1124 advorso
278 1079 315 1126 co
341 1082 368 1142 e,
381 1059 473 1125 sicuti
482 1067 685 1145 praeceptum
695 1058 805 1141 suerat,
819 1059 964 1123 evadunt.
979 1058 1084 1124 Arnie-

128 1167 165 1210 eo
181 1144 262 1229 loce,
284 1143 440 1210 Numidae
454 1144 517 1208 fusi
530 1144 706 1231 fugatique;
728 1145 824 1230 pauci
836 1144 995 1228 interiere,
1016 1145 1109 1231 ple-t

83 1257 118 1306 ιο
127 1253 181 1296 ros
203 1251 244 1295 ue
265 1230 417 1297 velocitas
440 1239 472 1297 et
492 1231 580 1316 regio
601 1229 744 1296 hostibus
763 1232 874 1316 ignara
888 1239 987 1297 tutata
1001 1239 1082 1296 sunt

230 1326 318 1382 terea
343 1315 518 1399 Bomilcar,
547 1338 641 1402 quem
667 1316 842 1403 elephantis
870 1324 901 1381 et
928 1317 1011 1402 parti
1032 1327 1109 1382 eo-tt

140 1403 252 1486 ¹iarum
283 1402 476 1489 pedestrium
508 1399 701 1489 praefectum
735 1402 775 1467 ab
804 1401 956 1488 Iugurtha
989 1425 1026 1466 su
1047 1425 1085 1468 ra

126 1423 273 1572 dlximis,
295 1487 350 1553 ubi
373 1510 445 1552 eum
466 1487 601 1553 Rutilius
638 1497 869 1574 raetergreeeus
885 1497 941 1572 est,
986 1509 1005 1552 a
1051 1509 1082 1554 a

126 1578 184 1640 tim
206 1596 279 1639 suos
301 1575 335 1638 in
357 1595 468 1639 seeum
489 1573 594 1639 loeum
616 1511 747 1640 deducit
762 1597 822 1658 ae,
856 1574 931 1640 dum
959 1510 1081 1661 idgatue

81 1683 116 1732 15
127 1661 169 1726 ad
189 1661 308 1725 flumen
330 1681 392 1748 quo
406 1661 597 1748 praemissus
613 1669 681 1726 erat
692 1661 844 1726 festinans
858 1662 971 1748 pergit,
994 1663 1080 1750 qule-

126 1766 177 1813 tus
199 1747 246 1812 uti
265 1759 317 1811 ree
338 1745 520 1836 postulabat
540 1747 641 1811 aciem
663 1755 805 1830 exornat,
826 1767 930 1832 neque
951 1749 1082 1814 remittit

127 1831 204 1935 quid
223 1830 341 1919 ubique
362 1832 462 1898 hostie
483 1842 592 1917 ageret
605 1832 780 1920 explorare.
807 1832 980 1920 Postquam
993 1833 1105 1898 Ruti-o

125 1919 204 1984 hum
226 1918 407 1984 consedisse
422 1919 485 1982 iam
501 1925 533 1981 et
546 1919 650 1984 animo
664 1941 800 1984 vacuum
819 1921 951 2005 aceepit,
974 1917 1080 1984 simul·

76 2040 81 2047 ,
126 2027 188 2092 que
210 2027 252 2069 ex
273 2004 442 2091 Iugurthae
464 2003 584 2090 proelio
607 2003 777 2070 clamorem
805 2006 931 2091 augeri,
960 2007 1079 2071 veritus

79 2114 167 2165 zone
189 2091 312 2177 legatus
334 2092 460 2178 cognita
481 2111 515 2154 re
537 2089 752 2156 laborantibus
775 2093 840 2155 suis
856 2091 974 2156 auxilio
987 2091 1079 2176 toret,

125 2179 242 2261 aciem,
265 2198 360 2263 quam
382 2175 528 2241 diffidens
549 2176 658 2242 virtuti
679 2177 813 2242 militum
836 2186 903 2242 erte
919 2185 1078 2263 statuerat,

125 2283 188 2352 quo
209 2263 348 2328 hostium
375 2263 481 2328 itineri
509 2260 658 2326 obfioeret
685 2262 778 2328 latius
799 2263 948 2350 porrigit,
979 2285 1079 2352 eoque

123 2348 219 2415 modo
242 2348 284 2413 ad
304 2347 402 2413 Rutili
425 2356 528 2412 eastra
548 2347 700 2436 procedit.
743 2348 878 2414 Romani
907 2371 949 2414 ex
973 2351 1127 2437 inproot

124 2436 195 2502 viso
234 2433 375 2522 pulveris
413 2435 480 2500 vim
511 2453 658 2520 magnam
694 2435 964 2520 animadvortunt3
1003 2459 1078 2501 nam

80 2525 327 2610 asprospeotum
356 2540 432 2607 ager
464 2520 600 2586 arbustis
629 2523 766 2587 consitus
795 2521 992 2624 prohibebat.
1034 2521 1077 2587 Et

123 2609 227 2696 primo
248 2607 310 2672 rati
330 2607 460 2671 humum
486 2606 606 2671 aridam
633 2617 728 2673 vento
758 2609 886 2693 agrtari,
919 2617 991 2694 post
1021 2608 1076 2672 ubi

124 2692 329 2780 aequabilem
338 2712 467 2758 manere
490 2701 528 2777 et,
552 2691 645 2758 siouti
659 2694 743 2758 aoies
757 2693 953 2777 movebatur,
975 2695 1076 2783 magis

123 2780 288 2866 magisque
311 2778 562 2866 adpropinquare
582 2775 704 2863 vident,
735 2781 861 2865 cognita
888 2801 937 2862 re,
964 2800 1076 2866 prope·

123 2873 230 2930 rantes
253 2887 340 2931 arma
363 2865 490 2951 capiunt
518 2885 556 2928 ae
606 2885 641 2930 ro
664 2866 792 2948 eastris,
823 2865 915 2931 siouti
942 2866 1076 2951 impera-

80 2951 232 3035 sobatur,
256 2951 439 3017 consistunt.
482 2950 567 3014 Dein
590 2973 617 3034 e,
639 2948 694 3015 ubi
714 2951 845 3040 propius
866 2959 996 3017 ventum
1018 2961 1101 3035 este

122 3039 280 3123 utrimque
301 3057 416 3122 magno
439 3034 576 3102 elamore
599 3039 802 3102 oonourritur.
838 3035 994 3102 Numidae
1007 3045 1101 3102 tame

122 3131 192 3188 tum
221 3121 317 3191 modo
349 3123 513 3206 remorati,
547 3121 622 3186 dum
649 3123 683 3187 in
716 3123 891 3209 elephantis
924 3122 1075 3187 auxilium

121 3217 250 3312 putant,
271 3217 439 3296 postquam
461 3229 515 3273 eos
529 3207 686 3294 inpeditos
701 3211 797 3273 ramis
812 3206 960 3272 arborum
982 3216 1075 3295 etque

121 3303 168 3360 1ta
189 3295 336 3361 disiectos
359 3295 578 3359 circumveniri
599 3293 724 3378 vident,
745 3293 852 3380 lugam
873 3293 1007 3377 feoiunt,
1038 3315 1075 3359 ao

80 3376 267 3470 septemque
288 3381 419 3446 abiectis
441 3381 536 3444 amnis
559 3379 648 3444 oollis
676 3389 732 3445 aut
755 3381 871 3464 noetis,
901 3400 982 3466 quae
1010 3381 1075 3445 iam

123 3467 248 3550 aderet,
279 3465 396 3531 auxilio
425 3467 540 3550 integri
567 3465 699 3549 abeunt3
737 3464 897 3552 elephanti
929 3473 1099 3552 quattuort

123 3551 1072 3642 eaptisunt,reliquiomuesnumeroquadragintaiuterfeoti.
