2520 3966
227 105 230 110 ’
278 113 280 116 ’
380 150 609 222 rvuvarm
631 153 801 223 101-1oe
1015 155 1074 226 121

125 323 275 392 confertis
298 326 387 416 equis
408 326 481 414 ipae
502 324 620 415 aliique
634 326 764 394 Mauros
792 327 956 414 invadunt,
978 331 1076 398 aeteri

124 413 160 478 in
181 410 251 478 loco
272 421 436 479 manenter
458 411 499 478 ab
521 412 632 480 iaculiu
652 415 775 481 eminae
797 415 921 482 emieeia
942 437 1076 506 corpora

124 507 250 584 tegere,
284 506 315 564 et
347 498 430 587 eiqui
457 499 492 564 in
522 521 635 565 manua
670 511 824 567 venerant
877 502 1074 576 obtrumcere.

122 583 212 649 Dum
241 605 279 650 eo
307 585 401 651 modo
439 585 560 651 euitee
585 585 797 688 proeliantur,
828 550 974 654 liocohue
1003 608 1100 656 cume

92 668 294 757 apeditibue,
317 693 396 758 quoe
418 607 527 737 leux
547 671 632 737 fihua
662 673 729 738 eiua
750 673 944 760 adduxerat,
971 697 1074 762 neque

123 757 285 844 inpriore
327 779 421 844 ugna,
445 760 478 822 in
499 759 613 824 itinere
632 760 763 844 morati,
792 759 973 846 adfuerant,
1002 783 1074 848 poe·

124 852 259 908 tremam
334 866 499 910 manorum
522 845 623 910 aciem
644 845 808 912 invadunt.
851 846 933 912 'lum
954 847 1099 916 Marinae

124 928 212 1016 apud
232 932 351 1016 primos
375 931 499 1017 agebat,
544 930 610 996 uod
629 930 676 997 ibi
696 929 851 1018 Iugurtha
872 953 944 998 cum
965 933 1073 1020 pluru-

123 1016 284 1081 miserat
327 1015 414 1081 Dein
434 953 589 1100 Numida,
623 1018 750 1103 cognito
776 1017 898 1083 Bocchi
925 1019 1073 1104 adventu,

77 1118 113 1168 10
128 1099 212 1166 clam
235 1125 306 1188 cum
351 1103 438 1167 aucis
465 1102 507 1167 ad
534 1102 657 1190 pedites
684 1104 858 1187 convortit3
888 1103 934 1168 ibi
960 1103 1073 1170 Latine

123 1225 167 1236 -—
181 1211 257 1252 nam
273 1188 315 1253 ad
327 1125 538 1254 llumantiam
563 1187 650 1276 loqui
669 1188 824 1254 didicerat
837 1225 881 1238 -·-
898 1188 1072 1256 exclamat:

121 1282 247 1339 nostros
275 1273 392 1339 mustra
419 1297 578 1362 pugnare,
608 1273 716 1361 paullo
745 1283 818 1340 ante
846 1273 982 1339 Marium
1016 1297 1074 1341 aua

122 1382 220 1425 mauu
241 1360 461 1445 interfectum
485 1359 579 1426 simul
600 1360 743 1446 gladium
764 1362 918 1447 sanguine
940 1359 1072 1426 oblitum

125 1445 302 1529 ostendere,
326 1469 420 1534 quem
441 1447 475 1510 in
496 1468 605 1533 pugna
630 1447 706 1511 satie
735 1447 769 1512 in
791 1447 860 1533 igre
891 1447 997 1512 occieo
1018 1468 1072 1536 pe·

79 1553 111 1603 to
125 1531 190 1597 dite
211 1542 319 1598 nostro
350 1541 578 1598 cruentaverat
631 1531 725 1612 Quod
753 1469 810 1598 uli
837 1531 954 1599 militae
983 1550 1095 1600 acce-¹1

121 1639 209 1705 pere,
235 1641 266 1683 m
311 1619 336 1682 'a
366 1619 529 1684 atrocitate
554 1617 603 1682 rei
624 1640 718 1704 quam
746 1617 810 1684 fide
836 1619 928 1686 nunti
953 1629 1071 1686 terrm·

122 1714 182 1789 tur,
206 1705 266 1769 sim
321 1725 363 1770 ue
391 1703 519 1770 barbari
548 1705 669 1768 animos
698 1703 811 1769 tollere
840 1714 873 1771 et
893 1705 939 1770 in‘
971 1705 1071 1770 arcul-

7 1827 8 1832 κ
123 1811 177 1856 soa
198 1789 358 1856 Romanos
380 1791 483 1856 acrius
505 1789 663 1855 incedere.
706 1789 837 1892 Iamque
866 1813 909 1894 pa
954 1813 1008 1856 um
1029 1790 1095 1856 ab⁸

121 1877 198 1963 fuga
219 1875 368 1960 aberant,
392 1898 464 1942 cum
493 1875 599 1958 Sulla,
661 1874 815 1962 roiligatre
847 1898 893 1941 ers
915 1896 994 1963 quos
1016 1875 1070 1941 ad·

7 1969 9 1976 “
76 1980 112 2030 20
121 1984 251 2028 vorsum
282 1963 375 2045 ierat,
402 1962 528 2027 radiens
562 1960 603 2025 ab
638 1899 660 2024 l

122 2047 268 2114 Bocchus
291 2049 396 2114 atatim
423 2049 585 2113 avertitur.
628 2045 673 2112 At
700 2045 867 2134 Iugurtha,
898 2047 972 2112 dum
1002 2051 1094 2112 eus-9

122 2143 244 2200 tentare
265 2155 339 2199 euos
362 2143 394 2199 et
414 2155 513 2221 prope
545 2135 608 2196 iam
631 2133 780 2219 adeptam
807 2134 972 2198 victoriam
994 2137 1066 2198 reti·

121 2242 198 2286 nere
221 2222 315 2306 cupit,
344 2221 576 2286 circumventus
603 2217 643 2282 ab
666 2219 840 2305 equitibus,
874 2219 1006 2284 dextera
1027 2223 1067 2283 ei-

121 2307 221 2372 nietra
242 2304 387 2371 omnibus
410 2305 533 2388 occisis,
564 2303 649 2370 solue
670 2305 755 2370 inter
778 2305 843 2370 tela
863 2304 1000 2369 hostium
1021 2307 1066 2370 vi·

79 2391 280 2464 rotabundus
309 2393 453 2479 erumpit.
512 2391 618 2477 Atque
654 2391 780 2456 interim
807 2390 925 2456 Mariua
952 2389 1067 2476 iugatis
1082 2411 1109 2458 lo

122 2475 279 2565 equitibus
308 2480 444 2544 accurrit
472 2477 591 2543 auxilio
614 2477 695 2561 suis,
725 2499 804 2563 quos
832 2476 910 2564 pelli
931 2478 994 2540 iam
1017 2498 1066 2541 ao·

123 2572 259 2651 ceperat
309 2564 456 2651 Denique
477 2564 584 2629 hostes
613 2564 677 2628 iam
698 2562 837 2651 undique
859 2562 930 2626 fusi.
985 2562 1105 2628 'Pum¹¹

652 1971 738 2027 utere
773 1960 893 2026 Mauris
928 1963 1068 2029 incurrit.

123 2648 337 2737 spectaculum
358 2649 508 2715 horribile
541 2652 574 2713 in
602 2650 721 2736 campis
753 2648 953 2736 patentibus:
977 2650 1067 2798 setfiui

121 2736 155 2800 iu
178 2758 240 2818 erc,
264 2736 365 2800 occidi
381 2739 460 2822 capi,
484 2739 557 2824 equi
577 2745 609 2799 at
629 2758 670 2800 ue
692 2736 752 2799 viri
774 2734 902 2817 adflicti,
918 2755 956 2797 ac
977 2735 1067 2798 muti

80 2759 303 2898 sovolneribus
326 2822 463 2907 acceptia
484 2843 588 2908 neque
609 2759 719 2906 digere
740 2842 834 2906 posse
855 2842 958 2907 neque
981 2821 1065 2906 quie-

121 2917 186 2973 tem
206 2910 282 2996 pati‚
306 2909 364 2971 niti
384 2907 478 2972 modo
509 2929 546 2972 ac
569 2909 673 2972 statim
701 2906 885 2970 concidere:
907 2899 1065 2993 postremd

122 2995 236 3077 omnia,
260 3016 321 3081 qua
342 2995 429 3058 visus
452 3001 527 3076 erat,
562 3000 719 3057 constrata
744 2990 817 3057 telis
839 2993 950 3074 armis,
974 2989 1065 3054 oada-

120 3079 259 3164 veribue,
283 3089 315 3144 et
336 3081 418 3143 inter
439 3101 477 3144 ea
498 3078 611 3143 humus
641 3078 758 3142 infecta
780 3079 942 3162 sanguine.

186 3166 261 3231 Post
282 3188 321 3229 ca
343 3165 405 3230 loci
428 3164 538 3230 consul
559 3165 644 3228 haud
666 3164 761 3229 dubie
788 3164 851 3227 iam
872 3163 973 3227 victor
994 3183 1063 3248 per·
1079 3179 1135 3234 toa

81 3253 209 3322 revenit
229 3251 263 3315 in
295 3251 445 3338 opidum
468 3249 604 3333 Cirtam,
634 3271 696 3337 quo
727 3250 816 3313 initio
838 3247 996 3336 profectus
1017 3248 1064 3311 in·

121 3335 274 3402 tenderat
327 3359 345 3404 o
366 3346 440 3422 poet
461 3335 545 3400 diem
568 3339 719 3422 quintum,
742 3355 837 3423 quam
858 3335 972 3399 iterum
992 3331 1090 3406 bar-2

122 3422 194 3487 bari
225 3420 310 3488 male
336 3431 573 3508 pugnaverant,
597 3422 693 3506 legati
722 3419 891 3486 aBocoho
922 3418 1062 3504 veniunt,
