2520 3966
196 191 260 261 104
485 190 715 258 IVGVRTHA
736 189 864 260 81-88
928 200 931 204 ’

196 387 284 452 sese,
324 365 432 454 paullo
476 373 549 433 ante
588 364 877 452 Carthaginiensis,
916 367 995 434 item
1034 353 1161 438 Persen

170 465 410 608 ²§eogem'prilst
430 454 477 519 uti
499 453 914 608 qluisqueffisulentissuffl
931 454 1098 608 viffieatugi
1118 461 1164 559 ita

195 550 653 714 auxilaiiltzmogtpegiduirieiter
680 550 890 712 ccirtsiiltirunt,
914 550 1069 715 qtioduisbi
1089 552 1162 696 liin:

194 715 288 782 tellus
310 713 463 801 praedam
485 715 690 802 captivosque
705 723 738 780 et
751 715 969 802 inpedimenta
982 714 1184 783 locaverats

170 803 245 868 ³Ita
270 800 424 887 Iugurtha
451 809 554 884 ratus,
583 810 638 866 aut
666 811 759 953 εαξη
779 802 860 868 urbe
882 824 998 889 operae
1018 804 1163 889 pretium

194 890 279 974 fore,
307 897 362 953 aut
388 888 417 952 si
437 887 599 953 Romanus
622 890 698 953 auxi
712 889 741 953 'c
764 890 829 954 suis
851 889 1161 982 venisset„r·proeli0

170 978 266 1042 ⁴sese
296 983 480 1041 certaturos.
523 975 606 1039 Nam
635 975 768 1040 callidus
797 975 832 1042 id
855 977 952 1042 modo
973 973 1160 1059 festinabat,

193 1063 315 1130 Bocchi
342 1083 455 1150 pacem
482 1061 677 1147 inminuere,
707 1085 749 1127 ne
771 1085 876 1129 moras
898 1063 1047 1150 agitando
1070 1063 1162 1129 aliud

144 1147 654 1325 etquamlniriilrlialtlcrmglisettiluam
682 1235 722 1301 de
757 1259 870 1322 regum
902 1236 1053 1302 societate
1082 1173 1199 1324 cog-u

194 1325 299 1408 novit,
332 1345 397 1389 ncn
436 1329 572 1406 temere,
604 1345 725 1409 neque,
761 1325 808 1388 uti
845 1345 941 1410 saepe
974 1325 1039 1387 iam
1070 1325 1160 1390 ricto

194 1409 349 1497 Iugurtha
376 1418 599 1494 consueverat,
629 1409 775 1474 omnibus
803 1408 882 1475 locis
910 1409 1077 1496 pugnandi
1106 1433 1161 1477 cc·

195 1500 282 1585 piam
310 1495 401 1580 facit3
431 1504 572 1561 ceterum
600 1495 686 1561 haud
713 1495 824 1647 [rccul
854 1496 894 1562 ab
925 1495 1014 1562 Cirta
1043 1499 1159 1562 castris

195 1583 325 1650 munitis
353 1604 447 1668 reges
469 1584 640 1670 opperitur,
661 1605 713 1648 me
728 1585 776 1648 ’us
798 1605 869 1648 esse
890 1591 995 1668 ratus,
1019 1585 1199 1670 cognitisrr

195 1670 326 1755 Mauris,
348 1668 499 1757 quoniam
519 1671 547 1734 ie
568 1692 671 1736 novus
685 1669 786 1735 hostis
802 1678 989 1755 accesserat,
1013 1686 1056 1735 ex
1071 1692 1159 1736 ecm-

196 1755 291 1824 modo
312 1779 453 1846 pugnam
474 1755 590 1822 facere.

170 1851 186 1904 2
280 1843 413 1910 Interim
433 1842 535 1910 Roma
548 1865 607 1930 per
626 1843 746 1908 litteras
762 1843 877 1909 certior
890 1842 937 1928 fit,
958 1843 1158 1930 provinciam

194 1931 377 1996 Numidiam
391 1929 493 1996 Mario
514 1930 637 2015 datam,
658 1953 734 1995 nam
756 1929 921 1996 consulem
941 1930 1061 1994 factum
1084 1940 1157 1996 ante

196 2026 372 2106 acceperat.
424 2015 504 2097 Quis
532 2017 627 2082 rebus
658 2039 754 2103 supra
775 2016 895 2080 benum
917 2025 1012 2104 atquc
1042 2017 1156 2083 hones·
1169 2041 1200 2092 20

199 2113 264 2170 tum
291 2103 475 2192 perculsus,
504 2126 608 2191 neque
637 2102 795 2169 lacrumas
821 2112 932 2169 tenere
959 2124 1063 2190 neque
1090 2125 1158 2169 mo-

197 2191 301 2255 derari
330 2190 486 2278 linguam:
513 2191 564 2256 vir
593 2191 739 2276 egregius
761 2191 796 2254 in
822 2188 893 2254 aliis
915 2190 1035 2255 artibus
1061 2191 1158 2255 nimis

172 2277 334 2343 emolliter
352 2277 583 2362 aegritudinem
600 2279 676 2362 pati.
711 2275 816 2356 Quam
833 2298 903 2341 rem
918 2275 973 2342 aiii
990 2278 1024 2340 in
1048 2298 1159 2364 super·

197 2363 283 2428 biam
313 2363 482 2427 vertebant
488 2412 497 2447 ,
533 2363 587 2428 alii
618 2361 738 2428 bonum
770 2363 935 2448 ingenium
966 2363 1161 2430 contumelia

197 2471 367 2515 accensum
396 2471 482 2533 esse,
513 2449 619 2530 multi,
648 2448 733 2536 quod
754 2449 819 2514 iam
840 2458 933 2535 parta
953 2451 1089 2514 victoria
1116 2472 1160 2515 ex
1169 2469 1199 2519 ²5

196 2535 341 2601 manibus
365 2535 549 2622 eriperetur.
592 2534 692 2599 Nobis
708 2536 785 2599 eatis
801 2536 963 2622 cognitum
986 2545 1042 2620 est,
1065 2535 1159 2601 illum

196 2624 298 2709 magis
320 2620 440 2686 honore
467 2621 549 2686 Mari
578 2641 673 2708 quam
701 2622 817 2686 iniuria
843 2645 901 2687 sua
930 2621 1158 2708 excruciatum,

195 2730 300 2796 neque
321 2717 387 2773 tam
407 2708 503 2773 anxie
524 2706 661 2774 latinum
681 2707 789 2793 fixisse,
813 2709 841 2774 si
862 2707 1010 2794 adempta
1029 2711 1160 2796 provin·

197 2797 247 2860 cia
268 2794 323 2860 alii
345 2816 441 2881 quam
461 2793 563 2860 Mario
585 2795 772 2860 traderetur.

147 2891 188 2956 aa
281 2881 383 2968 Igitur
416 2902 453 2946 eo
487 2881 596 2947 dolore
628 2881 805 2970 inpeditus,
840 2889 872 2946 et
904 2881 979 2969 quia
1004 2881 1199 2958 stiltitiaeao

195 2967 364 3034 videbatur
385 2967 523 3033 alienam
542 2991 611 3033 rem
656 2968 775 3034 ericulo
797 2989 854 3034 suc
878 2989 1006 3052 curare,
1034 2968 1159 3054 legatos

197 3054 238 3120 ad
251 3054 415 3121 Bocchum
429 3055 526 3120 mittit
542 3076 600 3141 pos
649 3063 744 3139 atum,
766 3076 808 3119 ne
831 3055 899 3119 sine
919 3073 1036 3124 mussa
1055 3054 1159 3121 hostis

117 3161 130 3194 a
195 3139 315 3228 populo
336 3141 480 3207 Romano
501 3139 608 3205 fieret:
631 3139 749 3206 habere
771 3150 838 3206 tum
860 3163 1009 3227 magnam
1031 3142 1158 3230 copiam

197 3226 358 3293 societatis
395 3228 615 3315 amicitiaeque
650 3226 909 3314 coniungendae,
944 3249 1025 3314 quae
1051 3229 1159 3315 potior

110 3384 114 3390 ,
196 3313 282 3381 belle
305 3321 403 3398 esset3
426 3335 617 3402 quamquam
631 3312 745 3402 opibus
760 3307 825 3378 ariis
845 3313 1026 3398 confideret,
1049 3323 1198 3387 tamense

196 3421 262 3466 non
283 3398 401 3466 debere
423 3400 545 3467 incerta
564 3421 623 3488 pro
646 3400 741 3465 certis
762 3408 902 3479 mutare:
925 3421 1020 3466 crana
1034 3399 1157 3468 bellum

198 3486 282 3554 sumi
305 3485 415 3569 facile,
445 3495 586 3553 ceterum
614 3507 801 3578 aegerrume
829 3479 991 3580 ‘sesiam
1021 3507 1088 3556 nen
1122 3488 1157 3560 in
