2520 3966
172 248 177 257 ’
205 257 247 318 64
490 249 716 318 IVGVRTHA
737 249 865 315 22-24

175 499 178 506 ¹
206 425 246 490 ab
267 422 481 488 adulescentia
496 422 540 485 ita
556 425 612 503 [se]
628 421 759 504 enisum,
781 427 817 485 ut
831 419 871 486 ab
887 444 905 486 o
928 430 1014 487 turno
1029 443 1158 508 quoque

205 508 405 595 probaretur,
442 506 572 588 virtute,
590 525 592 534 ¹
612 529 676 570 non
706 505 827 570 mulitia
856 443 971 572 Pellio
1003 506 1155 593 Scipioni,
1240 513 1241 586 l

206 616 326 658 summo
347 593 430 673 viro,
452 591 624 740 ἳέιοιιίεεθ,
647 589 688 655 ob
710 590 839 656 casdem
860 593 935 656 ertis
957 592 996 657 eb
1010 593 1156 680 Micipsa,
1240 605 1241 662 ξ

206 701 269 744 non
289 676 441 764 paenuria
484 675 642 759 berorum,
663 677 698 740 in
717 698 851 762 regnum
873 677 1054 763 adoptatum
1070 699 1157 761 esse3
1240 713 1241 752 ι

183 774 345 834 eceterum
367 783 429 848 quo
449 759 544 848 plura
563 761 646 826 bene
667 769 761 847 etque
788 770 914 826 strenue
943 763 1088 845 fecisset,
1120 785 1185 833 eos
1240 765 1241 852 l

184 850 345 917 lanimem
366 869 457 912 suum
478 848 624 912 iniuriam
644 847 747 911 minus
768 846 919 911 tolerare:
940 847 1160 913 Adherbalem
1240 869 1241 950 p

208 933 287 998 dolis
309 934 392 997 vitae
420 955 497 997 suae
522 931 702 996 insidiatum
709 981 718 1014 ,
770 931 834 996 uod
861 932 917 996 ubi
951 934 1160 1019 conperisset,
1240 955 1241 1022 ,

207 1017 318 1084 sceleri
339 1019 406 1082 eius
429 1017 555 1082 obviem
575 1018 656 1100 isee;
682 953 834 1102 popidum
855 1017 1031 1082 Romanum
1052 1040 1161 1105 neque
1240 1037 1241 1088 l

205 1112 290 1168 recte
311 1123 414 1190 neque
435 1125 493 1189 pro
515 1103 599 1167 bono
620 1102 793 1185 factruum,
816 1103 843 1165 si
864 1102 904 1166 ab
922 1104 994 1167 iure
1015 1105 1163 1188 gentium
1240 1091 1241 1120 ¹

206 1209 276 1252 sese
290 1188 501 1275 prohibuerit3
522 1196 681 1274 postremo
703 1187 743 1250 de
758 1188 903 1253 omnibus
917 1188 1012 1253 rebus
1035 1187 1161 1274 legatos
1174 1207 1207 1259 ro

182 1274 337 1345 sRomem
357 1273 449 1338 brevi
477 1275 654 1338 missurum
697 1273 748 1339 Ite
774 1274 899 1374 utrique
930 1273 1162 1360 digrediuntur.
1240 1343 1241 1346 ,

204 1359 395 1424 Adherbalis
417 1359 458 1422 ad
481 1358 598 1422 ollandi
619 1359 712 1444 copia
732 1380 796 1424 non
817 1359 884 1423 tint.
1240 1349 1241 1440 l

158 1467 197 1520 ω
268 1443 419 1529 Iugurtha
439 1381 495 1507 ubi
516 1465 571 1507 eos
590 1443 700 1509 Africa
721 1444 895 1508 decessisse
916 1453 1002 1508 retus
1024 1453 1080 1526 est,
1105 1466 1163 1508 ne·
1240 1441 1241 1530 l

206 1551 267 1616 que
288 1537 417 1614 propter
439 1527 501 1591 loci
527 1537 671 1592 netrrrem
700 1529 820 1594 Cirtam
849 1530 944 1594 armis
974 1551 1164 1614 expugnare
1240 1567 1241 1616 r

177 1615 323 1700 ⁴potest,
352 1612 437 1677 vello
467 1623 560 1699 atque
586 1613 672 1678 fossa
699 1615 824 1678 moenie
846 1615 1035 1696 circumdet,
1063 1615 1206 1684 turriele
1240 1617 1241 1686 l

207 1699 322 1764 extruit
341 1717 459 1785 eaeque
480 1699 645 1784 praesidiis
666 1699 785 1782 firmet,
812 1707 976 1784 praeterea
995 1699 1063 1764 dies
1083 1721 1163 1765 noc-
1240 1739 1241 1754 2

206 1787 308 1872 tisque
328 1792 385 1852 eut
403 1805 462 1872 per
482 1785 548 1848 vim
569 1793 623 1849 aut
644 1784 725 1849 dolis
744 1793 915 1870 temptare,
938 1783 1162 1850 defensoribus

206 1872 364 1937 moenium
384 1871 526 1959 praemia
539 1870 644 1952 modo,
665 1871 759 1934 modo
774 1869 974 1936 formidinem
988 1877 1161 1952 ostentare,

207 1978 279 2022 suos
300 1955 455 2022 hortando
477 1955 518 2020 ad
538 1957 685 2020 virtutem
700 1955 838 2039 arrigere
876 1977 1005 2041 prorsus
1020 1957 1162 2020 intentus

182 2049 319 2110 reuecta
339 2063 461 2128 parere.
503 2040 667 2106 Adherbal
687 2039 743 2104 ubi
763 2041 828 2105 inte
854 2042 932 2128 egit,
961 2041 1062 2106 omnis
1085 2062 1204 2114 suerro
1240 2075 1241 2136 ;

206 2128 345 2192 fortunus
371 2129 404 2191 in
427 2135 566 2191 extremo
589 2127 681 2209 sitas,
710 2125 834 2190 hostem
861 2125 1026 2209 infestum,
1059 2125 1164 2192 auxili
1240 2157 1241 2206 ι

206 2235 295 2298 spem
316 2211 449 2294 nullam,
471 2212 622 2299 paenuria
642 2233 748 2276 rerum
768 2205 1019 2292 necessariarum
1038 2210 1161 2275 bellum
1240 2253 1241 2292 ι

207 2296 288 2361 trehi
308 2317 373 2362 non
393 2318 496 2383 posse,
520 2319 562 2361 ex
583 2299 638 2381 eis,
661 2297 715 2382 qui
728 2319 793 2361 una
808 2295 926 2362 Cirtam
944 2297 1160 2397 profugerant,

209 2381 286 2446 duos
308 2403 455 2446 maxume
477 2383 617 2468 inpigros
640 2381 773 2468 delegit·
797 2403 851 2446 eos
866 2381 965 2448 multe
978 2381 1160 2468 polhccndo
1240 2415 1241 2430 ι

208 2489 246 2532 ac
266 2466 444 2530 miserendo
467 2489 576 2531 cesum
590 2489 680 2531 suum
695 2431 867 2548 confirmet,
890 2468 936 2530 uti
950 2489 1008 2552 per
1021 2466 1161 2530 hostium
1171 2487 1204 2537 2³

207 2552 396 2617 munitiones
417 2560 513 2616 noctu
533 2552 574 2616 ad
594 2575 783 2639 proxumum
804 2575 908 2634 mere,
931 2551 1005 2615 dein
1025 2551 1163 2620 Bonam

161 2636 583 2788 capiptrgerenpdhllprpliidee
609 2639 731 2786 perciteu
745 2637 974 2788 diebpastaiusse
1003 2638 1160 2722 efficiunt3

260 2744 332 2786 eree
429 2744 464 2788 er
530 2745 600 2788 sm
621 2745 698 2788 sena
752 2745 818 2788 reor
883 2745 902 2787 e
910 2771 919 2806 ,
964 2745 1074 2788 uerum
1089 2747 1160 2788 sen·

209 2808 307 2874 tentia
327 2807 407 2871 haec
428 2807 502 2872 fuit:
943 2747 964 2810 q

185 2921 212 2972 2'
270 2888 353 2958 'Non
373 2914 444 2956 mee
463 2894 556 2980 culpe
575 2917 629 2958 see
652 2917 670 2958 e
690 2895 749 2972 [ad]
769 2917 827 2959 vos
848 2904 970 2960 oratum
982 2895 1081 2978 mitto,
1104 2915 1201 2981 pa-ro

209 2988 273 3044 tres
295 2978 473 3065 conscripti,
497 2978 555 3043 sed
567 2981 616 3042 vie
629 2917 800 3064 iugurthae
816 2980 941 3066 subigit,
965 3003 1058 3066 quem
1072 2989 1162 3044 tenta

209 3063 317 3130 lubido
339 3063 544 3149 extinguendi
564 3086 616 3127 mc
637 3065 767 3148 invasit,
797 3075 832 3129 ut
853 3088 955 3152 neque
976 3088 1034 3131 vos
1055 3087 1160 3152 neque

210 3151 285 3214 deos
306 3150 481 3215 inmortalis
502 3149 537 3213 in
558 3151 660 3214 animo
683 3149 813 3231 habeat,
844 3153 1028 3236 sanguinem
1053 3173 1161 3215 meum

185 3256 303 3322 equam
332 3236 438 3300 omnia
465 3234 562 3299 malit.
613 3235 724 3320 ltaque
753 3237 895 3322 quintum
924 3238 988 3300 iam
1015 3257 1159 3300 mensem

209 3321 312 3385 socius
336 3329 367 3383 et
389 3321 507 3384 amicus
528 3321 638 3406 populi
659 3320 793 3384 Romani
821 3323 915 3384 ermis
945 3321 1092 3386 obsessus
1113 3329 1198 3391 test

207 3425 301 3486 ueor,
334 3426 438 3491 neque
473 3403 551 3468 mihi
583 3403 659 3469 Mici
682 3427 735 3468 sae
766 3407 864 3491 patris
898 3407 978 3484 [mei]
1010 3403 1159 3471 benificia

206 3510 310 3574 neque
323 3499 431 3554 vostra
446 3489 573 3554 decreta
586 3429 790 3574 auxiliantium
805 3491 888 3555 ferro
904 3513 945 3556 an
957 3491 1041 3556 sume
1056 3492 1158 3558 acrius
