2520 3966
407 229 570 295 calmo
593 229 782 294 mmmm
1013 233 1073 298 raa

124 423 199 490 pers
215 401 335 486 consili,
350 402 385 468 in
406 403 485 487 uias,
496 403 578 469 haec
592 411 687 490 atque
703 400 760 468 illa
773 411 947 505 temptans;
963 406 1074 469 metuit

125 489 236 573 otium,
260 487 326 555 odit
346 425 483 577 belum
512 488 590 556 luxu
620 498 715 578 atquc
743 489 871 556 licentra
899 491 1073 556 carendum

123 574 220 659 videt,
243 582 338 662 atque
359 576 486 641 interim
508 573 648 641 abutitur
675 583 785 643 vostra
813 575 968 642 socordia.
1011 576 1115 648 llo-12

124 684 188 812 que
208 660 286 726 mihi
307 661 384 726 satis
407 661 518 728 consili
540 670 603 744 est,
633 670 752 727 metum
779 683 819 726 an
848 662 1010 748 ignaviam
1032 685 1073 728 an

98 768 113 816 t

147 748 317 813 amentiam
339 769 410 812 eam
433 745 609 834 adpellem:
633 748 688 849 qui
708 747 859 814 videmini
880 756 968 813 tanta
989 748 1073 813 mala

124 834 216 920 quasi
244 831 364 898 fulmen
400 842 509 920 optare
537 855 572 898 se
601 856 735 921 quisquo
763 856 806 901 ne
835 834 985 920 attingat,
1016 835 1073 900 sed

121 917 293 1006 prohibere
314 929 356 984 ne'
379 919 488 986 conari
515 918 652 1006 quidem.

186 1004 239 1070 Et
258 1027 376 1093 quaeso
409 1005 624 1090 considerate,
677 1029 751 1071 uam
780 1027 936 1072 convorsa
963 1025 1113 1078 resumta

121 1098 237 1158 natum
259 1092 308 1156 sit
351 1091 457 1156 Antea
478 1090 597 1158 malum
614 1029 777 1178 pullicum
799 1091 930 1176 occulte,
953 1091 1074 1159 auxilia

83 1201 113 1252 ¹⁰
121 1177 228 1328 tritt
249 1176 687 1330 litttlttttttlt
688 1177 969 1332 mcffliinlil
978 1187 1073 1331 ,iffi

122 1349 336 1414 defenduntur
356 1286 494 1433 deculte3
518 1349 632 1437 quibus
661 1349 716 1416 illa
743 1350 887 1438 placent,
917 1289 1072 1416 inpermii

122 1443 212 1519 sunt,
234 1458 292 1501 vos
313 1437 347 1499 in
367 1444 464 1500 metu.
499 1433 585 1515 Quid
607 1435 808 1524 expectatis?
829 1436 891 1501 nisi
912 1437 994 1503 forte
1015 1443 1112 1523 pull

122 1521 176 1588 det
205 1531 260 1588 aut
290 1523 379 1609 piget
406 1530 493 1588 recte
522 1522 638 1588 facere.
695 1521 748 1588 An
779 1522 894 1609 Lepidi
922 1523 1073 1589 mandata

81 1609 244 1677 ltanimos
265 1606 419 1675 morere?
442 1609 498 1695 qui
517 1607 646 1710 placere
675 1609 719 1672 ait
748 1632 806 1674 sua
833 1610 947 1697 cuique
969 1609 1070 1693 reddi,

121 1702 154 1760 et
175 1693 280 1759 aliena
301 1702 404 1777 tenet,
425 1691 503 1760 belli
524 1715 596 1759 rura
617 1694 765 1779 rescindi,
791 1696 952 1781 cumipse
975 1696 1072 1760 armis

122 1788 232 1866 cogat3
255 1781 415 1847 civitatem
443 1779 642 1863 confirmari,
673 1779 788 1868 quibus
816 1781 997 1868 ademptam
1017 1801 1072 1846 ne·

121 1874 193 1953 gat3
220 1864 409 1932 concordiae
438 1867 543 1953 gratia
563 1864 671 1952 plebei
704 1865 908 1932 tribuniciam
935 1875 1072 1954 potesta-

121 1961 187 2017 tem
214 1952 354 2035 restitui,
377 1973 419 2018 ex
454 1974 518 2039 qua
553 1974 662 2018 omnes
697 1952 876 2019 discordiae
906 1975 1071 2020 accensae.

77 2039 274 2111 nuPessume
296 2038 437 2103 omnium
458 2046 554 2126 atque
568 2038 850 2124 inpudentissume,
866 2039 966 2108 tibine
982 2049 1111 2127 eges-15

120 2134 170 2191 tas
193 2124 310 2190 civium
332 2132 364 2189 et
384 2123 487 2190 luctus
510 2145 606 2192 omae
629 2124 723 2190 sunt?
746 2127 798 2190 cui
814 2125 895 2190 nihil
916 2133 965 2190 est
986 2124 1071 2192 domi

119 2210 183 2276 nisi
204 2211 302 2276 armis
322 2218 450 2297 partum
472 2218 527 2276 aut
547 2232 606 2311 per
628 2211 786 2276 iniuriam.
829 2210 976 2276 Alterum
998 2233 1070 2278 con-

121 2295 259 2363 sulatum
279 2296 376 2382 petis,
400 2296 491 2386 quasi
512 2317 650 2386 pmmum
675 2295 869 2382 reddideris;
890 2296 977 2364 bello
999 2319 1071 2364 con·

120 2383 262 2448 cordiam
284 2382 422 2468 quaeris,
447 2403 509 2468 quo
530 2390 624 2468 parta
645 2381 856 2448 disturbatam:
878 2383 979 2449 nostri
1021 2406 1070 2449 ro·

76 2486 110 2536 π
121 2468 213 2551 ditor,
236 2469 305 2534 istis
326 2467 453 2551 infidus,
476 2466 575 2534 hostis
598 2468 738 2533 omnium
758 2467 923 2537 bonorum.
974 2405 1070 2534 Vlte

119 2576 224 2641 neque
253 2553 416 2619 hominum
447 2574 553 2641 neque
590 2553 722 2620 deorum
752 2555 866 2642 pudet,
905 2577 983 2643 quos
1011 2577 1070 2642 per

119 2639 217 2708 fidem
246 2648 300 2705 aut
332 2640 472 2725 periurio
500 2637 635 2705 violasti
672 2637 737 2720 Qui
766 2641 893 2728 quando
921 2641 995 2706 talis
1025 2654 1112 2726 eata

120 2747 251 2792 mmeas
280 2725 314 2789 in
343 2728 500 2791 sententia
527 2733 559 2810 et
591 2727 731 2791 retineas
769 2750 859 2792 arma
890 2735 922 2792 te
951 2727 1069 2811 hortor,

118 2835 183 2879 neu
203 2811 400 2898 prolatandis
429 2808 652 2895 seditionibus,
680 2812 806 2899 inquies
834 2814 920 2900 ipse,
948 2837 1007 2880 nos
1036 2815 1069 2878 in

76 2896 331 2972 sosollioitudine
359 2895 512 2963 adtincas.
555 2895 667 2983 Neque
695 2906 727 2963 te
754 2900 939 2986 provinciae
964 2921 1070 2986 neque

118 2983 207 3071 leges
229 3005 334 3072 neque
367 2982 420 3047 dei
440 2990 572 3070 penates
605 2984 708 3049 civem
738 2986 912 3071 patiuntur.
965 2986 1070 3073 Perge

120 3093 184 3158 qua
206 3079 348 3158 coeptas,
371 3077 406 3134 ut
436 3091 532 3156 quam
563 3078 758 3136 maturrume
779 3072 893 3138 merita
913 3072 1068 3138 invenias.

182 3155 248 3223 Vos
271 3165 387 3239 autem,
402 3149 525 3306 'patres
548 3157 732 3243 conscripti,
767 3179 952 3246 quousque
975 3170 1109 3225 cunc-tt

118 3243 215 3310 tando
247 3265 317 3308 rem
371 3241 415 3308 ub
430 3242 512 3308 'cam
543 3240 676 3306 intutam
730 3244 871 3310 atiemini
898 3253 930 3310 et
960 3244 1068 3311 verbis

76 3348 209 3401 semma
234 3265 457 3416 temptalitis?¹
503 3325 647 3392 Dilectus
715 3350 846 3396 vorsum
870 3352 928 3398 ros
956 3329 1068 3416 habiti,

140 3416 272 3483 ecuniae
294 3413 422 3502 publice
444 3421 475 3478 et
495 3414 644 3501 privatim
666 3422 818 3499 extortae,
839 3417 1001 3503 praesidia
1015 3416 1069 3482 de·

117 3439 214 3571 lucta
236 3509 331 3596 atquo
352 3500 509 3591 inposita:
539 3521 580 3566 ex
600 3497 742 3568 lubidine
763 3499 852 3589 leges
873 3502 1069 3594 imperantur
