2520 3966
224 328 286 395 lae
507 325 737 392 treverus
761 325 927 391 let-⁴108

198 519 297 572 neum
319 521 434 586 corpus
462 497 504 564 sd
535 497 636 565 hostis
665 505 802 564 vortere.
857 497 985 564 Deinde
1013 499 1180 582 Volucem,

225 587 373 675 quoniam
387 583 516 652 hostilia
529 583 664 667 faceret,
679 585 791 650 levem
805 605 989 650 maxumum
1004 586 1181 653 obtestatus

224 681 259 738 ut
280 670 410 738 sceleris
431 679 526 758 atque
547 669 700 757 perfidiae
722 669 843 735 Bocchi
864 672 955 736 testis
977 671 1115 758 adesset,
1138 695 1182 736 ex

200 759 337 824 sesama
367 757 459 822 «abire
488 755 587 822 iubet.
638 755 699 820 Ille
727 755 905 821 lacrumans
935 780 1041 841 orare,
1068 783 1112 824 ne
1143 781 1182 823 ea

226 843 399 909 crederes
414 841 495 908 nihil
527 841 600 908 dolo
629 842 767 924 factum,
806 863 844 906 ac
872 845 973 928 magis
1004 843 1216 910 calliditates

224 929 406 1016 Iugurthae,
430 931 483 994 cui
504 927 657 994 videlicet
672 926 850 1013 speculanti
870 930 934 994 iter
955 951 1048 994 suum
1069 932 1180 1016 cogni·

202 1022 293 1081 stum
316 1023 418 1099 esset3
442 1023 592 1097 ceterum,
617 1015 766 1101 quonism
786 1034 891 1101 neque
912 1017 1075 1100 ingentem
1098 1016 1179 1080 mul·

225 1100 395 1167 titudinem
416 1100 564 1184 haberet,
599 1108 631 1163 et
657 1121 733 1186 spes
756 1120 896 1187 opesque
924 1102 991 1166 eius
1022 1123 1064 1164 ex
1085 1112 1180 1188 patre

177 1261 184 1279 Ι
226 1211 284 1254 suo
306 1187 492 1274 penderent,
518 1185 670 1268 [credere]
686 1184 777 1249 illum
798 1184 879 1249 nihil
892 1185 1000 1272 palam
1015 1209 1179 1272 ausurum,

200 1283 299 1340 5cum
320 1276 390 1361 ipse
412 1272 497 1337 filius
517 1273 611 1336 testis
631 1269 775 1355 adesset3
799 1293 897 1358 quare
912 1280 1077 1358 optumum
1090 1273 1180 1339 factu
1192 1299 1217 1347 10

224 1359 336 1443 videri,
358 1357 543 1446 permedia
564 1359 632 1421 eius
655 1364 760 1422 castra
810 1355 893 1423 alam
921 1359 1071 1442 transire,
1094 1381 1178 1443 sese,

224 1445 278 1512 vel
306 1445 507 1533 praemissis,
535 1441 590 1507 vel
611 1441 732 1507 ibidem
757 1465 794 1506 re
808 1444 878 1507 'ctis
906 1443 1041 1527 Maeuia,
1073 1445 1179 1512 solum
1243 1463 1244 1524 t

200 1553 298 1608 acum
320 1529 410 1596 Sulla
429 1531 557 1593 immin.
600 1528 651 1592 Ea
670 1550 732 1612 res,
754 1537 789 1592 ut
810 1530 844 1593 in
865 1527 922 1594 tali
943 1531 1081 1615 negotio,
1104 1553 1179 1618 prc-

224 1617 308 1701 bata,
331 1639 370 1682 ac
391 1618 498 1679 statim
518 1613 671 1701 profecti,
702 1615 776 1702 quia
798 1613 838 1678 de
868 1617 1030 1700 inproviso
1052 1617 1178 1682 accide-

224 1713 296 1768 rant
329 1701 426 1767 dubio
466 1710 561 1788 atque
589 1699 766 1764 haesitante
801 1699 970 1787 Iugurtha,
999 1701 1214 1772 incolumesrs

201 1796 398 1854 ttransermt.
421 1787 508 1852 Dein
528 1786 641 1874 paucis
663 1784 785 1870 diebus,
809 1809 870 1874 quo
892 1787 939 1851 irc
961 1787 1178 1873 intenderant,

226 1883 415 1962 perventum
437 1882 495 1938 ast.

162 1989 217 2045 108
290 1961 341 2026 lbi
363 1983 433 2026 cum
465 1956 594 2024 Boccho
620 1957 759 2024 Numida
808 1957 914 2023 uidam
940 1957 1046 2046 Aspar
1074 1963 1178 2028 nomi·

226 2071 267 2114 ne
297 2046 430 2112 multum
462 2054 495 2110 et
521 2042 719 2109 familiariter
745 2065 805 2130 age
827 2052 874 2128 at,
905 2046 1101 2132 praemissus
1136 2048 1178 2114 ab

225 2133 385 2222 Iugurtha,
408 2140 575 2218 postquam
595 2127 717 2194 Sullam
738 2131 874 2195 accitum
895 2131 1046 2216 audierat,
1070 2143 1214 2206 craterae

227 2231 259 2285 et
287 2218 419 2284 subdole
449 2215 646 2304 speculatum
677 2215 798 2280 Bocchi
832 2217 983 2300 consilia3
1010 2228 1179 2304 praeterea

225 2305 336 2370 Dabar
343 2353 352 2387 ,
389 2301 616 2389 Massugradae
644 2301 744 2384 filius,
785 2323 827 2366 ex
855 2311 950 2388 gente
976 2303 1177 2389 Masinissae,
1243 2375 1244 2390 ,

227 2400 366 2456 ceterum
388 2397 530 2454 materno
544 2389 765 2474 genereinpar
779 2425 822 2438 -
840 2411 915 2454 nam
929 2399 1020 2477 pater
1041 2392 1110 2454 eius
1135 2415 1177 2456 ex
1243 2455 1244 2464 ,

227 2475 404 2541 concubina
418 2483 505 2539 crtus
528 2481 596 2538 erat
609 2509 652 2522 --
666 2473 778 2539 Mauro
793 2473 834 2540 ob
856 2476 964 2560 ingeni
978 2474 1077 2541 multa
1091 2475 1178 2542 bona
1243 2491 1244 2536 t

202 2580 319 2628 acanus
356 2569 578 2647 acceptusque.
638 2558 742 2639 Quem
776 2559 922 2626 Bocchus
967 2562 1066 2626 fidum
1103 2583 1176 2628 esse
1185 2582 1214 2632 25

226 2648 377 2713 Romanis
399 2645 507 2711 multis
536 2651 611 2709 ante
631 2645 873 2731 tempestatibus
903 2657 1070 2734 expertus,
1100 2647 1176 2714 ilico

226 2734 268 2798 sd
289 2731 412 2799 Sullam
433 2732 611 2797 utmtiatum
640 2731 749 2814 mittit,
778 2741 923 2818 paratum
957 2755 1027 2798 sese
1057 2733 1176 2818 facere,

227 2841 308 2907 quae
335 2817 472 2906 populus
500 2817 661 2883 Romanus
686 2815 800 2882 velletr
830 2817 986 2906 colloquia
1016 2818 1102 2884 diem
1126 2819 1175 2885 lo·

226 2927 298 2970 cum
326 2915 451 2991 tempus
482 2903 552 2990 ipse
585 2902 764 2989 delegerat3
793 2903 936 2970 consulta
968 2925 1039 2970 sese
1068 2908 1177 2971 omnia

226 3011 298 3056 curn
330 2989 385 3055 illo
417 2991 542 3076 integra
572 2988 707 3074 habere;
729 3009 793 3054 neu
827 2989 998 3076 Iugurthae
1033 2991 1213 3076 legatumne
1243 3057 1244 3060 ,

225 3079 480 3163 pertimesceret,
507 3096 569 3162 quc
597 3097 649 3140 res
672 3076 847 3142 communis
879 3075 1174 3162 licentiusgerere-
1243 3109 1244 3150 γ

225 3173 294 3246 tur;
316 3183 389 3227 nam
413 3161 453 3226 ab
476 3160 600 3225 insidiis
628 3162 697 3226 eius
726 3161 818 3228 aliter
846 3166 953 3228 caveri
978 3165 1173 3250 nequivisse.

202 3247 292 3319 tSed
321 3266 379 3334 ego
410 3247 590 3336 conperior,
624 3245 788 3313 Bocchum
819 3250 921 3336 magis
950 3249 1071 3313 Punica
1097 3248 1172 3332 fide,

247 3355 321 3400 uam
342 3331 384 3399 cb
407 3355 460 3415 ea,
490 3353 572 3421 quae
599 3331 816 3419 praedicabat,
844 3334 938 3400 simul
959 3335 1119 3402 Romanos
1140 3343 1173 3399 et
1243 3385 1244 3404 t

225 3358 395 3485 hatum
455 3419 583 3505 epscis
604 3419 769 3484 attinuisse
791 3419 989 3572 ωιιίῒιιωιέΐ
1011 3439 1084 3484 cum
1105 3421 1210 3488 ani-tt
1243 3423 1244 3450 ³

228 3525 282 3570 mc
299 3523 359 3568 suc
385 3525 428 3570 vo
462 3523 517 3569 ere
546 3503 689 3586 solitum,
718 3504 903 3590 Iugurtham
979 3507 1100 3592 manis,
1129 3527 1170 3570 an

229 3587 276 3652 illi
296 3585 419 3652 Sullam
438 3587 594 3674 traderem
617 3589 791 3655 lubidinem
820 3586 995 3660 adversum
1012 3611 1083 3676 nes,
1102 3611 1169 3658 me·
