2520 3966
178 265 226 336 90
467 266 692 336 IVGVRTHA
715 262 845 336 ss-co

178 441 1131 596 quarumcumque
1240 459 1241 516 l

177 611 355 679 lacrumans
375 637 434 701 per
455 615 625 679 amicitiam
645 635 766 700 perque
793 621 863 680 rem
889 576 1051 701 publicam
1071 554 1132 682 bb·
1240 663 1241 690 ,

177 707 298 784 socrat,
329 721 466 787 nequam
487 698 709 765 contumeliam
734 721 900 764 remanere
928 701 963 764 in
988 702 1134 766 exercitu

176 786 314 869 victore,
343 807 425 850 neve
446 784 547 851 hostis
568 784 686 850 inultos
709 784 796 850 abire
824 787 915 851 sinat.
958 784 1018 850 Ille
1040 786 1154 852 brevit
1240 869 1241 872 Ἴ

152 869 324 938 cmmdata
346 870 451 936 efficit.
494 870 539 935 At
559 870 712 956 Iugurtha
733 871 927 937 munimento
957 879 1133 938 castrorum
1240 877 1241 880 ’

175 956 352 1043 inpeditus,
386 979 456 1022 cum
485 956 541 1022 alii
569 969 665 1043 super
691 955 811 1021 vallum
838 957 1132 1043 praecipitarentur,

176 1042 230 1107 alii
266 1044 300 1106 in
335 1043 490 1128 angustiis
518 1043 580 1128 ipsi
615 1041 677 1108 sibi
708 1051 915 1128 properantes
947 1040 1132 1127 obficerent,

152 1127 283 1197 tmultis
304 1130 430 1194 arnissis
451 1130 486 1194 in
506 1127 578 1194 loca
590 1128 712 1194 munita
727 1149 798 1193 sese
811 1129 942 1213 recepit.
971 1128 1131 1214 Metellus,
1240 1207 1241 1210 Ἴ

175 1213 293 1280 infecto
307 1216 446 1301 negotio,
468 1222 635 1302 postquam
656 1236 722 1280 nox
743 1213 862 1296 aderat,
884 1215 919 1278 in
933 1222 1036 1279 casas
1058 1223 1170 1280 cumlt
1240 1227 1241 1256 1

123 1318 166 1374 so
178 1301 320 1365 exercitu
341 1301 520 1366 revortitur.
563 1298 581 1364 Ι
604 1301 666 1364 'tur
685 1307 814 1386 postero
837 1299 904 1383 dre,
926 1301 1013 1385 prius
1036 1323 1132 1389 quem

175 1385 217 1451 ad
238 1385 484 1472 oppugnandum
506 1407 581 1470 egre
605 1395 724 1471 eretur,
755 1386 928 1472 equitatum
949 1408 1077 1452 omnem
1097 1389 1133 1452 in

177 1480 341 1557 caparte,
365 1491 426 1558 qua
446 1472 532 1556 regis
554 1471 709 1536 adventus
732 1480 816 1555 erat,
845 1492 904 1556 pro
932 1473 1042 1536 castris
1065 1475 1132 1558 agi·

176 1565 244 1621 tare
264 1556 362 1639 iubet,
384 1565 491 1642 portas
514 1564 545 1622 et
584 1579 717 1623 roxuma
738 1556 809 1622 loca
823 1555 958 1622 tribunis
974 1557 1131 1644 dispertit,
1240 1571 1241 1638 ζ

177 1640 292 1706 deinde
313 1642 384 1728 ipae
404 1643 509 1728 pergit
530 1579 584 1708 sd
593 1643 745 1729 oppidum
766 1650 879 1728 atque,
905 1651 941 1705 ut
968 1645 1133 1729 superiore
1144 1649 1172 1699 ¹⁶

151 1726 242 1810 odie,
265 1748 390 1792 murum
432 1727 626 1813 adgreditur.
670 1728 801 1793 Interim
826 1725 981 1814 Iugurtha
1009 1751 1051 1794 ex
1078 1751 1131 1796 oc·

176 1813 261 1880 culto
282 1821 414 1901 repente
435 1823 560 1880 nostros
582 1813 717 1879 invadit:
741 1814 795 1900 qui
814 1815 849 1878 in
863 1837 1018 1900 proxumo
1033 1814 1132 1881 locati

176 1899 300 1965 luerem
307 1948 316 1983 ,
345 1898 448 1987 paulis
472 1922 506 1964 er
534 1901 637 1964 territi
658 1898 896 1986 perturbantur,
924 1899 1038 1987 reliqui
1065 1902 1131 1967 cito

151 1985 378 2059 ssubveniunt.
452 2007 532 2073 eque
554 1983 671 2050 diutius
698 1984 855 2050 Numidae
882 1987 1032 2052 resistere
1061 1988 1131 2074 qui·

174 2073 313 2157 sissent,
334 2072 369 2138 ni
389 2071 514 2160 pedites
537 2091 609 2135 cum
631 2069 788 2158 equitibus
810 2073 960 2157 permixti
981 2093 1132 2158 magnam
1141 2081 1173 2133 2ο

176 2158 299 2224 cladem
320 2159 354 2223 in
376 2179 548 2244 congressu
561 2156 716 2240 fecerent;
739 2156 853 2258 quibus
874 2156 923 2222 illi
943 2157 1031 2241 freti,
1054 2181 1130 2241 non,

175 2253 210 2308 ut
232 2245 370 2331 equestri
391 2243 511 2331 proelio
537 2242 635 2326 solet,
669 2264 772 2329 seqm,
806 2242 880 2308 dein
909 2243 1037 2327 cedere,
1071 2244 1132 2310 sed

175 2329 318 2395 advorsis
342 2332 431 2417 equis
461 2351 665 2412 concurrere,
695 2327 849 2414 inplicare
877 2351 914 2394 ac
942 2329 1131 2416 perturbare

176 2417 303 2565 acicpinqq⁸
316 2416 362 2480 ita
384 2414 540 2502 expeditis
562 2415 722 2502 peditibus
744 2415 810 2480 suis
831 2414 932 2480 hostis
946 2437 1048 2502 paene
1062 2418 1130 2481 vic·
1240 2497 1241 2524 ,

124 2507 224 2665 eom
259 2522 382 2652 Eodem
403 2594 546 2672 tempore
568 2587 652 2674 apud
672 2588 803 2654 Zamam
824 2611 939 2674 magna
966 2588 1001 2652 vi
1028 2597 1129 2655 certe-

175 2672 276 2740 batur.
320 2671 385 2737 Vbi
408 2673 541 2759 quisque
572 2672 694 2759 legatus
724 2684 778 2740 aut
808 2674 954 2739 tribunus
987 2675 1129 2760 curabat,

177 2783 213 2825 co
235 2781 398 2824 acerrume
418 2759 492 2842 niti,
521 2780 624 2846 nsque
650 2759 730 2825 alius
758 2762 792 2826 in
820 2760 882 2827 alio
910 2760 1011 2844 magis
1034 2783 1130 2847 quam
1240 2789 1241 2840 r

175 2849 210 2912 in
236 2866 307 2911 sese
340 2866 429 2931 spem
461 2844 595 2930 habere3
624 2846 817 2996 papiterque·
833 2845 982 2947 oppidapi
1013 2867 1129 2950 agerer
1240 2869 1241 2928 r

150 2939 571 3104 dmm
589 2930 1174 3104 tfftttottttltupdtfft

174 3113 225 3168 tus
239 3102 426 3189 hortatione,
442 3102 563 3168 laetitia
576 3103 705 3189 gemitu,
719 3103 797 3168 item
808 3105 958 3190 strepitus
969 3125 1129 3170 armorum

151 3189 216 3256 aad
238 3189 361 3255 caelum
382 3189 469 3271 ferri,
489 3186 555 3253 tela
574 3190 731 3275 utrimque
753 3187 871 3254 volare.
908 3189 973 3255 Sed
994 3189 1050 3273 illi,
1073 3193 1130 3276 qui

175 3277 301 3341 moenia
322 3273 545 3357 defensabant,
573 3273 628 3338 ubi
657 3273 765 3340 hostes
793 3273 934 3361 paullum
954 3275 1048 3340 modo
1069 3297 1129 3361 pu·

175 3381 270 3446 gnam
283 3362 486 3444 remiserant,
507 3361 621 3425 intenti
642 3359 798 3508 proelium
813 3368 958 3447 equestre
978 3380 1171 3446 prosper-³⁵

150 3445 300 3530 stabant3
324 3469 394 3528 eos,
415 3447 463 3508 uti
485 3466 627 3531 quaeque
664 3445 818 3529 ugurthse
831 3468 883 3512 res
906 3455 1004 3530 erant,
1026 3445 1127 3514 laetos

175 3529 286 3613 modo,
319 3531 413 3596 modo
446 3529 579 3614 pavidos
616 3529 898 3614 animadvorteres,
939 3552 990 3614 ac,
1024 3533 1126 3597 sicubi
1240 3549 1241 3578 ¹
