<?xml version="1.0" encoding="UTF-8"?>
<!DOCTYPE html PUBLIC "-//W3C//DTD XHTML 1.0 Transitional//EN"
    "http://www.w3.org/TR/xhtml1/DTD/xhtml1-transitional.dtd">
<html xmlns="http://www.w3.org/1999/xhtml" xml:lang="en" lang="en">
 <head>
  <title>
</title>
<meta http-equiv="Content-Type" content="text/html;charset=utf-8" />
  <meta name='ocr-system' content='tesseract 3.04.00' />
  <meta name='ocr-capabilities' content='ocr_page ocr_carea ocr_par ocr_line ocrx_word'/>
</head>
<body>
  <div class='ocr_page' id='page_1' title='image "./catilinaiugurth00linkgoog_0070.png"; bbox 0 0 2502 3968; ppageno 0'>
   <div class='ocr_carea' id='block_1_1' title="bbox 408 252 1059 322">
    <p class='ocr_par' dir='ltr' id='par_1_1' title="bbox 408 252 1059 322">
     <span class='ocr_line' id='line_1_1' title="bbox 408 252 1059 322; baseline 0.006 -4"><span class='ocrx_word' id='word_1_1' title='bbox 408 252 613 318; x_wconf 75' lang='lat' dir='ltr'><strong>camma</strong></span> <span class='ocrx_word' id='word_1_2' title='bbox 633 253 767 318; x_wconf 82' lang='lat'>56-58</span> <span class='ocrx_word' id='word_1_3' title='bbox 1018 254 1059 322; x_wconf 81' lang='lat'><strong>41</strong></span> 
     </span>
    </p>
   </div>
   <div class='ocr_carea' id='block_1_2' title="bbox 78 421 1086 862">
    <p class='ocr_par' dir='ltr' id='par_1_2' title="bbox 78 421 1086 862">
     <span class='ocr_line' id='line_1_2' title="bbox 109 421 1086 508; baseline 0.007 -21"><span class='ocrx_word' id='word_1_4' title='bbox 109 422 231 487; x_wconf 80' lang='lat' dir='ltr'><strong>tabant.</strong></span> <span class='ocrx_word' id='word_1_5' title='bbox 275 421 339 488; x_wconf 87' lang='lat' dir='ltr'><strong>Sed</strong></span> <span class='ocrx_word' id='word_1_6' title='bbox 389 433 533 508; x_wconf 87' lang='lat' dir='ltr'><strong>ostquam</strong></span> <span class='ocrx_word' id='word_1_7' title='bbox 559 423 715 488; x_wconf 89' lang='lat' dir='ltr'><strong>Antonius</strong></span> <span class='ocrx_word' id='word_1_8' title='bbox 742 443 814 488; x_wconf 91' lang='lat' dir='ltr'><strong>cum</strong></span> <span class='ocrx_word' id='word_1_9' title='bbox 840 423 982 488; x_wconf 84' lang='lat' dir='ltr'><strong>exercitu</strong></span> <span class='ocrx_word' id='word_1_10' title='bbox 1007 423 1086 494; x_wconf 74' lang='lat' dir='ltr'><strong>adt</strong></span> 
     </span>
     <span class='ocr_line' id='line_1_3' title="bbox 107 506 1062 590; baseline 0.002 -18"><span class='ocrx_word' id='word_1_11' title='bbox 107 507 281 590; x_wconf 84' lang='lat' dir='ltr'><strong>ventabat,</strong></span> <span class='ocrx_word' id='word_1_12' title='bbox 304 506 351 572; x_wconf 93' lang='lat' dir='ltr'><strong>Ca</strong></span> <span class='ocrx_word' id='word_1_13' title='bbox 389 509 442 572; x_wconf 87' lang='lat' dir='ltr'><strong>&#39;na</strong></span> <span class='ocrx_word' id='word_1_14' title='bbox 486 529 521 572; x_wconf 90' lang='lat' dir='ltr'><strong>er</strong></span> <span class='ocrx_word' id='word_1_15' title='bbox 540 509 655 573; x_wconf 87' lang='lat' dir='ltr'><strong>montis</strong></span> <span class='ocrx_word' id='word_1_16' title='bbox 676 509 736 572; x_wconf 89' lang='lat' dir='ltr'><strong>iter</strong></span> <span class='ocrx_word' id='word_1_17' title='bbox 757 507 878 590; x_wconf 87' lang='lat' dir='ltr'><strong>facere,</strong></span> <span class='ocrx_word' id='word_1_18' title='bbox 905 508 1062 574; x_wconf 86' lang='lat' dir='ltr'><strong>modoad</strong></span> 
     </span>
     <span class='ocr_line' id='line_1_4' title="bbox 107 591 1061 674; baseline 0.002 -18"><span class='ocrx_word' id='word_1_19' title='bbox 107 591 224 658; x_wconf 89' lang='lat' dir='ltr'><strong>urbem</strong></span> <span class='ocrx_word' id='word_1_20' title='bbox 244 592 337 656; x_wconf 90' lang='lat' dir='ltr'><strong>modo</strong></span> <span class='ocrx_word' id='word_1_21' title='bbox 359 594 392 656; x_wconf 90' lang='lat' dir='ltr'><strong>in</strong></span> <span class='ocrx_word' id='word_1_22' title='bbox 483 593 491 608; x_wconf 89' lang='lat'>&#39;</span> <span class='ocrx_word' id='word_1_23' title='bbox 565 614 677 656; x_wconf 86' lang='lat' dir='ltr'><strong>vorsus</strong></span> <span class='ocrx_word' id='word_1_24' title='bbox 692 601 794 656; x_wconf 91' lang='lat' dir='ltr'><strong>castra</strong></span> <span class='ocrx_word' id='word_1_25' title='bbox 807 613 944 674; x_wconf 88' lang='lat' dir='ltr'><strong>movere,</strong></span> <span class='ocrx_word' id='word_1_26' title='bbox 966 593 1061 658; x_wconf 85' lang='lat' dir='ltr'><strong>hosti·</strong></span> 
     </span>
     <span class='ocr_line' id='line_1_5' title="bbox 107 675 1061 765; baseline 0.002 -25"><span class='ocrx_word' id='word_1_27' title='bbox 107 676 172 740; x_wconf 87' lang='lat' dir='ltr'><strong>bna</strong></span> <span class='ocrx_word' id='word_1_28' title='bbox 202 678 398 742; x_wconf 79' lang='lat' dir='ltr'><strong>occasionem</strong></span> <span class='ocrx_word' id='word_1_29' title='bbox 423 677 586 763; x_wconf 84' lang='lat' dir='ltr'><strong>pugnandi</strong></span> <span class='ocrx_word' id='word_1_30' title='bbox 606 698 670 741; x_wconf 89' lang='lat' dir='ltr'><strong>non</strong></span> <span class='ocrx_word' id='word_1_31' title='bbox 692 676 777 740; x_wconf 90' lang='lat' dir='ltr'><strong>dare.</strong></span> <span class='ocrx_word' id='word_1_32' title='bbox 817 675 973 763; x_wconf 76' lang='lat' dir='ltr'><strong>Sperabat</strong></span> <span class='ocrx_word' id='word_1_33' title='bbox 989 699 1061 765; x_wconf 90' lang='lat' dir='ltr'><strong>pro·</strong></span> 
     </span>
     <span class='ocr_line' id='line_1_6' title="bbox 78 760 1061 862; baseline -0.001 -33"><span class='ocrx_word' id='word_1_34' title='bbox 78 783 154 848; x_wconf 78' lang='lat' dir='ltr'><strong>spe</strong></span> <span class='ocrx_word' id='word_1_35' title='bbox 170 760 258 862; x_wconf 79' lang='lat' dir='ltr'><strong>diem</strong></span> <span class='ocrx_word' id='word_1_36' title='bbox 286 783 417 846; x_wconf 84' lang='lat' dir='ltr'><strong>magnas</strong></span> <span class='ocrx_word' id='word_1_37' title='bbox 445 763 552 847; x_wconf 84' lang='lat' dir='ltr'><strong>copias</strong></span> <span class='ocrx_word' id='word_1_38' title='bbox 575 784 645 826; x_wconf 86' lang='lat' dir='ltr'><strong>sese</strong></span> <span class='ocrx_word' id='word_1_39' title='bbox 666 760 844 826; x_wconf 88' lang='lat' dir='ltr'><strong>habiturum</strong></span> <span class='ocrx_word' id='word_1_40' title='bbox 850 809 860 845; x_wconf 94' lang='lat'><strong>,</strong></span> <span class='ocrx_word' id='word_1_41' title='bbox 893 762 921 825; x_wconf 92' lang='lat' dir='ltr'><strong>si</strong></span> <span class='ocrx_word' id='word_1_42' title='bbox 941 761 1061 828; x_wconf 87' lang='lat' dir='ltr'><strong>Romae</strong></span> 
     </span>
    </p>
   </div>
   <div class='ocr_carea' id='block_1_3' title="bbox 107 846 1218 942">
    <p class='ocr_par' dir='ltr' id='par_1_3' title="bbox 107 846 1218 942">
     <span class='ocr_line' id='line_1_7' title="bbox 107 846 1218 942; baseline 0.006 -32"><span class='ocrx_word' id='word_1_43' title='bbox 107 847 192 912; x_wconf 78' lang='lat' dir='ltr'><strong>socii</strong></span> <span class='ocrx_word' id='word_1_44' title='bbox 205 847 332 931; x_wconf 88' lang='lat' dir='ltr'><strong>incepta</strong></span> <span class='ocrx_word' id='word_1_45' title='bbox 344 849 571 932; x_wconf 80' lang='lat' dir='ltr'><strong>patravisscnt3</strong></span> <span class='ocrx_word' id='word_1_46' title='bbox 587 848 708 910; x_wconf 88' lang='lat' dir='ltr'><strong>interea</strong></span> <span class='ocrx_word' id='word_1_47' title='bbox 722 848 850 911; x_wconf 89' lang='lat' dir='ltr'><strong>servitia</strong></span> <span class='ocrx_word' id='word_1_48' title='bbox 863 847 1059 932; x_wconf 83' lang='lat' dir='ltr'><strong>repudiabat,</strong></span> <span class='ocrx_word' id='word_1_49' title='bbox 1070 866 1085 914; x_wconf 77' lang='lat' dir='ltr'><strong>s</strong></span> <span class='ocrx_word' id='word_1_50' title='bbox 1209 846 1218 942; x_wconf 36' lang='grc' dir='ltr'><strong>’ζ</strong></span> 
     </span>
    </p>
   </div>
   <div class='ocr_carea' id='block_1_4' title="bbox 62 931 1215 3559">
    <p class='ocr_par' dir='ltr' id='par_1_4' title="bbox 62 931 1108 1610">
     <span class='ocr_line' id='line_1_8' title="bbox 106 931 1059 1017; baseline 0.001 -22"><span class='ocrx_word' id='word_1_51' title='bbox 106 933 200 996; x_wconf 84' lang='lat' dir='ltr'><strong>cuius</strong></span> <span class='ocrx_word' id='word_1_52' title='bbox 229 932 318 996; x_wconf 90' lang='lat' dir='ltr'><strong>initio</strong></span> <span class='ocrx_word' id='word_1_53' title='bbox 347 931 389 994; x_wconf 86' lang='lat' dir='ltr'><strong>ad</strong></span> <span class='ocrx_word' id='word_1_54' title='bbox 417 953 490 996; x_wconf 91' lang='lat' dir='ltr'><strong>eum</strong></span> <span class='ocrx_word' id='word_1_55' title='bbox 517 953 650 1016; x_wconf 81' lang='lat' dir='ltr'><strong>magnae</strong></span> <span class='ocrx_word' id='word_1_56' title='bbox 681 931 790 1017; x_wconf 83' lang='lat' dir='ltr'><strong>copiae</strong></span> <span class='ocrx_word' id='word_1_57' title='bbox 823 931 1059 1016; x_wconf 74' lang='lat' dir='ltr'><strong>concurrebant,</strong></span> 
     </span>
     <span class='ocr_line' id='line_1_9' title="bbox 106 1014 1058 1102; baseline 0.002 -22"><span class='ocrx_word' id='word_1_58' title='bbox 106 1015 225 1102; x_wconf 86' lang='lat' dir='ltr'><strong>opibus</strong></span> <span class='ocrx_word' id='word_1_59' title='bbox 246 1016 468 1082; x_wconf 88' lang='lat' dir='ltr'><strong>coniurationis</strong></span> <span class='ocrx_word' id='word_1_60' title='bbox 482 1016 589 1099; x_wconf 77' lang='lat' dir='ltr'><strong>fretus,</strong></span> <span class='ocrx_word' id='word_1_61' title='bbox 614 1015 706 1080; x_wconf 91' lang='lat' dir='ltr'><strong>simul</strong></span> <span class='ocrx_word' id='word_1_62' title='bbox 721 1014 858 1080; x_wconf 86' lang='lat' dir='ltr'><strong>alienum</strong></span> <span class='ocrx_word' id='word_1_63' title='bbox 880 1017 945 1082; x_wconf 85' lang='lat' dir='ltr'><strong>suis</strong></span> <span class='ocrx_word' id='word_1_64' title='bbox 966 1018 1058 1082; x_wconf 89' lang='lat' dir='ltr'><strong>ratio·</strong></span> 
     </span>
     <span class='ocr_line' id='line_1_10' title="bbox 105 1099 1058 1183; baseline 0.001 -17"><span class='ocrx_word' id='word_1_65' title='bbox 105 1100 204 1166; x_wconf 88' lang='lat' dir='ltr'><strong>nibus</strong></span> <span class='ocrx_word' id='word_1_66' title='bbox 227 1101 436 1183; x_wconf 82' lang='lat' dir='ltr'><strong>existumans,</strong></span> <span class='ocrx_word' id='word_1_67' title='bbox 458 1099 561 1165; x_wconf 89' lang='lat' dir='ltr'><strong>videri</strong></span> <span class='ocrx_word' id='word_1_68' title='bbox 583 1122 727 1164; x_wconf 89' lang='lat' dir='ltr'><strong>caussam</strong></span> <span class='ocrx_word' id='word_1_69' title='bbox 741 1101 858 1165; x_wconf 88' lang='lat' dir='ltr'><strong>civium</strong></span> <span class='ocrx_word' id='word_1_70' title='bbox 873 1123 945 1166; x_wconf 90' lang='lat' dir='ltr'><strong>cum</strong></span> <span class='ocrx_word' id='word_1_71' title='bbox 960 1104 1058 1167; x_wconf 86' lang='lat' dir='ltr'><strong>servis</strong></span> 
     </span>
     <span class='ocr_line' id='line_1_11' title="bbox 62 1183 1108 1271; baseline 0.003 -22"><span class='ocrx_word' id='word_1_72' title='bbox 62 1186 251 1271; x_wconf 59' lang='lat' dir='ltr'><strong>sofirgitivis</strong></span> <span class='ocrx_word' id='word_1_73' title='bbox 274 1187 564 1250; x_wconf 86' lang='lat' dir='ltr'><strong>communicavisse.</strong></span> <span class='ocrx_word' id='word_1_74' title='bbox 607 1183 673 1252; x_wconf 88' lang='lat' dir='ltr'><strong>Sed</strong></span> <span class='ocrx_word' id='word_1_75' title='bbox 699 1194 866 1270; x_wconf 81' lang='lat' dir='ltr'><strong>postquam</strong></span> <span class='ocrx_word' id='word_1_76' title='bbox 893 1188 928 1250; x_wconf 92' lang='lat' dir='ltr'><strong>in</strong></span> <span class='ocrx_word' id='word_1_77' title='bbox 957 1197 1108 1258; x_wconf 64' lang='lat' dir='ltr'><strong>castrant</strong></span> 
     </span>
     <span class='ocr_line' id='line_1_12' title="bbox 105 1270 1058 1356; baseline 0.001 -21"><span class='ocrx_word' id='word_1_78' title='bbox 105 1272 239 1336; x_wconf 87' lang='lat' dir='ltr'><strong>nuntius</strong></span> <span class='ocrx_word' id='word_1_79' title='bbox 262 1272 421 1356; x_wconf 85' lang='lat' dir='ltr'><strong>pervenit,</strong></span> <span class='ocrx_word' id='word_1_80' title='bbox 450 1270 569 1335; x_wconf 86' lang='lat' dir='ltr'><strong>Romae</strong></span> <span class='ocrx_word' id='word_1_81' title='bbox 594 1271 840 1335; x_wconf 88' lang='lat' dir='ltr'><strong>coniurationem</strong></span> <span class='ocrx_word' id='word_1_82' title='bbox 860 1270 1058 1356; x_wconf 80' lang='lat' dir='ltr'><strong>patefactam,</strong></span> 
     </span>
     <span class='ocr_line' id='line_1_13' title="bbox 107 1353 1059 1442; baseline 0.002 -22"><span class='ocrx_word' id='word_1_83' title='bbox 107 1355 152 1420; x_wconf 90' lang='lat' dir='ltr'><strong>de</strong></span> <span class='ocrx_word' id='word_1_84' title='bbox 172 1355 308 1419; x_wconf 79' lang='lat' dir='ltr'><strong>Lentulo</strong></span> <span class='ocrx_word' id='word_1_85' title='bbox 331 1364 362 1420; x_wconf 89' lang='lat' dir='ltr'><strong>et</strong></span> <span class='ocrx_word' id='word_1_86' title='bbox 377 1353 518 1441; x_wconf 80' lang='lat' dir='ltr'><strong>Cethego</strong></span> <span class='ocrx_word' id='word_1_87' title='bbox 538 1356 713 1441; x_wconf 86' lang='lat' dir='ltr'><strong>ceterisque</strong></span> <span class='ocrx_word' id='word_1_88' title='bbox 735 1377 813 1440; x_wconf 91' lang='lat' dir='ltr'><strong>quos</strong></span> <span class='ocrx_word' id='word_1_89' title='bbox 834 1378 929 1442; x_wconf 88' lang='lat' dir='ltr'><strong>supra</strong></span> <span class='ocrx_word' id='word_1_90' title='bbox 942 1377 1059 1422; x_wconf 89' lang='lat' dir='ltr'><strong>memo-</strong></span> 
     </span>
     <span class='ocr_line' id='line_1_14' title="bbox 105 1438 1059 1526; baseline 0.001 -21"><span class='ocrx_word' id='word_1_91' title='bbox 105 1441 180 1506; x_wconf 82' lang='lat' dir='ltr'><strong>ravi</strong></span> <span class='ocrx_word' id='word_1_92' title='bbox 202 1440 391 1525; x_wconf 88' lang='lat' dir='ltr'><strong>supplieium</strong></span> <span class='ocrx_word' id='word_1_93' title='bbox 413 1449 580 1526; x_wconf 88' lang='lat' dir='ltr'><strong>sumptum,</strong></span> <span class='ocrx_word' id='word_1_94' title='bbox 602 1438 754 1526; x_wconf 88' lang='lat' dir='ltr'><strong>plerique,</strong></span> <span class='ocrx_word' id='word_1_95' title='bbox 778 1462 856 1526; x_wconf 90' lang='lat' dir='ltr'><strong>quos</strong></span> <span class='ocrx_word' id='word_1_96' title='bbox 876 1439 918 1504; x_wconf 89' lang='lat' dir='ltr'><strong>ad</strong></span> <span class='ocrx_word' id='word_1_97' title='bbox 938 1440 1059 1507; x_wconf 88' lang='lat' dir='ltr'><strong>bellum</strong></span> 
     </span>
     <span class='ocr_line' id='line_1_15' title="bbox 106 1525 1056 1610; baseline 0.002 -21"><span class='ocrx_word' id='word_1_98' title='bbox 106 1548 123 1589; x_wconf 88' lang='lat' dir='ltr'><strong>s</strong></span> <span class='ocrx_word' id='word_1_99' title='bbox 150 1547 184 1589; x_wconf 88' lang='lat' dir='ltr'><strong>es</strong></span> <span class='ocrx_word' id='word_1_100' title='bbox 199 1526 381 1610; x_wconf 76' lang='lat' dir='ltr'><strong>rapinarum</strong></span> <span class='ocrx_word' id='word_1_101' title='bbox 396 1534 450 1589; x_wconf 89' lang='lat' dir='ltr'><strong>aut</strong></span> <span class='ocrx_word' id='word_1_102' title='bbox 463 1547 617 1590; x_wconf 88' lang='lat' dir='ltr'><strong>novarum</strong></span> <span class='ocrx_word' id='word_1_103' title='bbox 628 1547 733 1590; x_wconf 88' lang='lat' dir='ltr'><strong>rerum</strong></span> <span class='ocrx_word' id='word_1_104' title='bbox 745 1525 882 1590; x_wconf 76' lang='lat' dir='ltr'><strong>sudium</strong></span> <span class='ocrx_word' id='word_1_105' title='bbox 892 1525 1056 1610; x_wconf 87' lang='lat' dir='ltr'><strong>inlexerat,</strong></span> 
     </span>
    </p>

    <p class='ocr_par' dir='ltr' id='par_1_5' title="bbox 62 1609 1060 2036">
     <span class='ocr_line' id='line_1_16' title="bbox 62 1609 1057 1758; baseline -0.003 -79"><span class='ocrx_word' id='word_1_106' title='bbox 62 1627 94 1680; x_wconf 85' lang='lat'><strong>15</strong></span> <span class='ocrx_word' id='word_1_107' title='bbox 132 1611 140 1625; x_wconf 84' lang='lat'>&#39;</span> <span class='ocrx_word' id='word_1_108' title='bbox 156 1609 304 1692; x_wconf 90' lang='lat' dir='ltr'><strong>abuntur;</strong></span> <span class='ocrx_word' id='word_1_109' title='bbox 323 1609 461 1710; x_wconf 89' lang='lat' dir='ltr'><strong>reliquos</strong></span> <span class='ocrx_word' id='word_1_110' title='bbox 478 1609 614 1676; x_wconf 78' lang='lat' dir='ltr'><strong>Catilina</strong></span> <span class='ocrx_word' id='word_1_111' title='bbox 628 1632 685 1695; x_wconf 90' lang='lat' dir='ltr'><strong>per</strong></span> <span class='ocrx_word' id='word_1_112' title='bbox 698 1611 812 1674; x_wconf 84' lang='lat' dir='ltr'><strong>montis</strong></span> <span class='ocrx_word' id='word_1_113' title='bbox 828 1633 956 1758; x_wconf 73' lang='lat' dir='ltr'><strong>asperos</strong></span> <span class='ocrx_word' id='word_1_114' title='bbox 971 1633 1057 1696; x_wconf 83' lang='lat' dir='ltr'><strong>mag·</strong></span> 
     </span>
     <span class='ocr_line' id='line_1_17' title="bbox 105 1693 1058 1780; baseline 0 -18"><span class='ocrx_word' id='word_1_115' title='bbox 105 1695 159 1762; x_wconf 80' lang='lat' dir='ltr'><strong>nis</strong></span> <span class='ocrx_word' id='word_1_116' title='bbox 194 1693 357 1759; x_wconf 83' lang='lat' dir='ltr'><strong>itineribus</strong></span> <span class='ocrx_word' id='word_1_117' title='bbox 386 1718 420 1760; x_wconf 92' lang='lat' dir='ltr'><strong>m</strong></span> <span class='ocrx_word' id='word_1_118' title='bbox 449 1717 560 1780; x_wconf 86' lang='lat' dir='ltr'><strong>agrum</strong></span> <span class='ocrx_word' id='word_1_119' title='bbox 588 1695 811 1760; x_wconf 82' lang='lat' dir='ltr'><strong>Pistoriensem</strong></span> <span class='ocrx_word' id='word_1_120' title='bbox 841 1695 981 1778; x_wconf 89' lang='lat' dir='ltr'><strong>aducit,</strong></span> <span class='ocrx_word' id='word_1_121' title='bbox 1019 1717 1058 1762; x_wconf 89' lang='lat' dir='ltr'><strong>eo</strong></span> 
     </span>
     <span class='ocr_line' id='line_1_18' title="bbox 106 1778 1060 1866; baseline 0 -21"><span class='ocrx_word' id='word_1_122' title='bbox 106 1779 251 1860; x_wconf 89' lang='lat' dir='ltr'><strong>consilio,</strong></span> <span class='ocrx_word' id='word_1_123' title='bbox 273 1779 319 1844; x_wconf 90' lang='lat' dir='ltr'><strong>uti</strong></span> <span class='ocrx_word' id='word_1_124' title='bbox 340 1801 397 1866; x_wconf 87' lang='lat' dir='ltr'><strong>per</strong></span> <span class='ocrx_word' id='word_1_125' title='bbox 418 1781 557 1844; x_wconf 89' lang='lat' dir='ltr'><strong>tramites</strong></span> <span class='ocrx_word' id='word_1_126' title='bbox 580 1778 701 1844; x_wconf 89' lang='lat' dir='ltr'><strong>occulte</strong></span> <span class='ocrx_word' id='word_1_127' title='bbox 745 1779 812 1844; x_wconf 84' lang='lat' dir='ltr'><strong>erfu</strong></span> <span class='ocrx_word' id='word_1_128' title='bbox 835 1790 902 1844; x_wconf 87' lang='lat' dir='ltr'><strong>eret</strong></span> <span class='ocrx_word' id='word_1_129' title='bbox 927 1781 961 1844; x_wconf 91' lang='lat' dir='ltr'><strong>in</strong></span> <span class='ocrx_word' id='word_1_130' title='bbox 983 1778 1060 1846; x_wconf 81' lang='lat' dir='ltr'><strong>Cal·</strong></span> 
     </span>
     <span class='ocr_line' id='line_1_19' title="bbox 105 1863 1059 1952; baseline -0.002 -24"><span class='ocrx_word' id='word_1_131' title='bbox 105 1864 186 1928; x_wconf 87' lang='lat' dir='ltr'><strong>liam</strong></span> <span class='ocrx_word' id='word_1_132' title='bbox 201 1865 345 1945; x_wconf 78' lang='lat' dir='ltr'><strong>[Transal</strong></span> <span class='ocrx_word' id='word_1_133' title='bbox 367 1867 475 1952; x_wconf 67' lang='lat' dir='ltr'><strong>inaml.</strong></span> <span class='ocrx_word' id='word_1_134' title='bbox 508 1865 552 1928; x_wconf 86' lang='lat' dir='ltr'><strong>At</strong></span> <span class='ocrx_word' id='word_1_135' title='bbox 567 1864 701 1944; x_wconf 81' lang='lat' dir='ltr'><strong>Quintus</strong></span> <span class='ocrx_word' id='word_1_136' title='bbox 751 1873 800 1929; x_wconf 88' lang='lat' dir='ltr'><strong>ete</strong></span> <span class='ocrx_word' id='word_1_137' title='bbox 825 1887 862 1928; x_wconf 91' lang='lat' dir='ltr'><strong>us</strong></span> <span class='ocrx_word' id='word_1_138' title='bbox 878 1863 972 1928; x_wconf 89' lang='lat' dir='ltr'><strong>Celer</strong></span> <span class='ocrx_word' id='word_1_139' title='bbox 986 1882 1059 1926; x_wconf 90' lang='lat' dir='ltr'><strong>cum</strong></span> 
     </span>
     <span class='ocr_line' id='line_1_20' title="bbox 104 1889 1060 2036; baseline -0.002 -22"><span class='ocrx_word' id='word_1_140' title='bbox 104 1949 209 2014; x_wconf 87' lang='lat' dir='ltr'><strong>tribus</strong></span> <span class='ocrx_word' id='word_1_141' title='bbox 235 1889 414 2036; x_wconf 64' lang='lat' dir='ltr'><strong>legiombus</strong></span> <span class='ocrx_word' id='word_1_142' title='bbox 442 1951 475 2014; x_wconf 91' lang='lat' dir='ltr'><strong>in</strong></span> <span class='ocrx_word' id='word_1_143' title='bbox 510 1971 586 2034; x_wconf 85' lang='lat' dir='ltr'><strong>agro</strong></span> <span class='ocrx_word' id='word_1_144' title='bbox 613 1949 730 2014; x_wconf 85' lang='lat' dir='ltr'><strong>Piceno</strong></span> <span class='ocrx_word' id='word_1_145' title='bbox 761 1949 978 2035; x_wconf 87' lang='lat' dir='ltr'><strong>praesidebat,</strong></span> <span class='ocrx_word' id='word_1_146' title='bbox 1017 1967 1060 2012; x_wconf 85' lang='lat' dir='ltr'><strong>ex</strong></span> 
     </span>
    </p>

    <p class='ocr_par' dir='ltr' id='par_1_6' title="bbox 62 2033 1082 2203">
     <span class='ocr_line' id='line_1_21' title="bbox 62 2033 1070 2120; baseline 0.002 -22"><span class='ocrx_word' id='word_1_147' title='bbox 62 2054 95 2106; x_wconf 84' lang='lat'><strong>20</strong></span> <span class='ocrx_word' id='word_1_148' title='bbox 107 2033 294 2098; x_wconf 86' lang='lat' dir='ltr'><strong>difficultate</strong></span> <span class='ocrx_word' id='word_1_149' title='bbox 315 2057 421 2100; x_wconf 89' lang='lat' dir='ltr'><strong>rerum</strong></span> <span class='ocrx_word' id='word_1_150' title='bbox 443 2033 554 2098; x_wconf 87' lang='lat' dir='ltr'><strong>eadem</strong></span> <span class='ocrx_word' id='word_1_151' title='bbox 568 2033 624 2097; x_wconf 91' lang='lat' dir='ltr'><strong>illa</strong></span> <span class='ocrx_word' id='word_1_152' title='bbox 639 2035 842 2116; x_wconf 85' lang='lat' dir='ltr'><strong>existumans,</strong></span> <span class='ocrx_word' id='word_1_153' title='bbox 866 2055 947 2119; x_wconf 90' lang='lat' dir='ltr'><strong>quae</strong></span> <span class='ocrx_word' id='word_1_154' title='bbox 962 2037 1070 2120; x_wconf 73' lang='lat' dir='ltr'><strong>supra</strong></span> 
     </span>
     <span class='ocr_line' id='line_1_22' title="bbox 105 2117 1082 2203; baseline 0.001 -19"><span class='ocrx_word' id='word_1_155' title='bbox 105 2119 264 2201; x_wconf 80' lang='lat' dir='ltr'><strong>diximus,</strong></span> <span class='ocrx_word' id='word_1_156' title='bbox 288 2118 456 2184; x_wconf 80' lang='lat' dir='ltr'><strong>Catilinam</strong></span> <span class='ocrx_word' id='word_1_157' title='bbox 478 2119 607 2203; x_wconf 85' lang='lat' dir='ltr'><strong>agitare.</strong></span> <span class='ocrx_word' id='word_1_158' title='bbox 647 2118 747 2203; x_wconf 85' lang='lat' dir='ltr'><strong>Igitur</strong></span> <span class='ocrx_word' id='word_1_159' title='bbox 768 2117 824 2182; x_wconf 92' lang='lat' dir='ltr'><strong>ubi</strong></span> <span class='ocrx_word' id='word_1_160' title='bbox 845 2119 906 2184; x_wconf 87' lang='lat' dir='ltr'><strong>iter</strong></span> <span class='ocrx_word' id='word_1_161' title='bbox 927 2121 993 2184; x_wconf 86' lang='lat' dir='ltr'><strong>eius</strong></span> <span class='ocrx_word' id='word_1_162' title='bbox 1016 2141 1082 2190; x_wconf 76' lang='lat' dir='ltr'><strong>exa</strong></span> 
     </span>
    </p>

    <p class='ocr_par' dir='ltr' id='par_1_7' title="bbox 104 2203 1056 2290">
     <span class='ocr_line' id='line_1_23' title="bbox 104 2203 1056 2290; baseline 0 -22"><span class='ocrx_word' id='word_1_163' title='bbox 104 2203 200 2290; x_wconf 85' lang='lat' dir='ltr'><strong>perfu</strong></span> <span class='ocrx_word' id='word_1_164' title='bbox 224 2205 248 2268; x_wconf 84' lang='lat' dir='ltr'><strong>‘s</strong></span> <span class='ocrx_word' id='word_1_165' title='bbox 265 2205 421 2288; x_wconf 85' lang='lat' dir='ltr'><strong>cognovit,</strong></span> <span class='ocrx_word' id='word_1_166' title='bbox 444 2213 548 2268; x_wconf 87' lang='lat' dir='ltr'><strong>castra</strong></span> <span class='ocrx_word' id='word_1_167' title='bbox 583 2224 697 2286; x_wconf 91' lang='lat' dir='ltr'><strong>ropero</strong></span> <span class='ocrx_word' id='word_1_168' title='bbox 718 2203 817 2268; x_wconf 76' lang='lat' dir='ltr'><strong>movit</strong></span> <span class='ocrx_word' id='word_1_169' title='bbox 839 2225 877 2267; x_wconf 88' lang='lat' dir='ltr'><strong>ao</strong></span> <span class='ocrx_word' id='word_1_170' title='bbox 898 2203 956 2268; x_wconf 85' lang='lat' dir='ltr'><strong>sub</strong></span> <span class='ocrx_word' id='word_1_171' title='bbox 978 2205 1056 2289; x_wconf 86' lang='lat' dir='ltr'><strong>ipsis</strong></span> 
     </span>
    </p>

    <p class='ocr_par' dir='ltr' id='par_1_8' title="bbox 104 2226 1082 2458">
     <span class='ocr_line' id='line_1_24' title="bbox 105 2226 1057 2372; baseline 0 -20"><span class='ocrx_word' id='word_1_172' title='bbox 105 2226 268 2352; x_wconf 57' lang='lat' dir='ltr'><strong>radicibus</strong></span> <span class='ocrx_word' id='word_1_173' title='bbox 289 2288 442 2352; x_wconf 91' lang='lat' dir='ltr'><strong>montium</strong></span> <span class='ocrx_word' id='word_1_174' title='bbox 463 2309 558 2352; x_wconf 89' lang='lat' dir='ltr'><strong>conse</strong></span> <span class='ocrx_word' id='word_1_175' title='bbox 583 2289 621 2369; x_wconf 88' lang='lat' dir='ltr'><strong>&#39;t‚</strong></span> <span class='ocrx_word' id='word_1_176' title='bbox 645 2309 708 2372; x_wconf 88' lang='lat' dir='ltr'><strong>qua</strong></span> <span class='ocrx_word' id='word_1_177' title='bbox 729 2286 775 2350; x_wconf 90' lang='lat' dir='ltr'><strong>illi</strong></span> <span class='ocrx_word' id='word_1_178' title='bbox 798 2286 969 2352; x_wconf 85' lang='lat' dir='ltr'><strong>descensus</strong></span> <span class='ocrx_word' id='word_1_179' title='bbox 991 2297 1057 2354; x_wconf 89' lang='lat' dir='ltr'><strong>erat</strong></span> 
     </span>
     <span class='ocr_line' id='line_1_25' title="bbox 104 2371 1082 2458; baseline 0.005 -22"><span class='ocrx_word' id='word_1_180' title='bbox 104 2374 142 2436; x_wconf 91' lang='lat' dir='ltr'><strong>in</strong></span> <span class='ocrx_word' id='word_1_181' title='bbox 164 2371 301 2436; x_wconf 80' lang='lat' dir='ltr'><strong>Galliam</strong></span> <span class='ocrx_word' id='word_1_182' title='bbox 322 2374 513 2458; x_wconf 87' lang='lat' dir='ltr'><strong>properanti.</strong></span> <span class='ocrx_word' id='word_1_183' title='bbox 555 2371 666 2456; x_wconf 87' lang='lat' dir='ltr'><strong>Neque</strong></span> <span class='ocrx_word' id='word_1_184' title='bbox 688 2381 794 2436; x_wconf 87' lang='lat' dir='ltr'><strong>tamen</strong></span> <span class='ocrx_word' id='word_1_185' title='bbox 808 2372 965 2437; x_wconf 86' lang='lat' dir='ltr'><strong>Antonius</strong></span> <span class='ocrx_word' id='word_1_186' title='bbox 985 2391 1082 2458; x_wconf 80' lang='lat' dir='ltr'><strong>pro-4</strong></span> 
     </span>
    </p>

    <p class='ocr_par' dir='ltr' id='par_1_9' title="bbox 65 2455 1080 2882">
     <span class='ocr_line' id='line_1_26' title="bbox 65 2455 1056 2542; baseline -0.003 -18"><span class='ocrx_word' id='word_1_187' title='bbox 65 2473 97 2524; x_wconf 86' lang='lat'><strong>25</strong></span> <span class='ocrx_word' id='word_1_188' title='bbox 109 2455 164 2522; x_wconf 86' lang='lat' dir='ltr'><strong>cul</strong></span> <span class='ocrx_word' id='word_1_189' title='bbox 186 2457 310 2538; x_wconf 86' lang='lat' dir='ltr'><strong>aberat,</strong></span> <span class='ocrx_word' id='word_1_190' title='bbox 332 2466 439 2542; x_wconf 88' lang='lat' dir='ltr'><strong>utpote</strong></span> <span class='ocrx_word' id='word_1_191' title='bbox 462 2458 516 2542; x_wconf 92' lang='lat' dir='ltr'><strong>qui</strong></span> <span class='ocrx_word' id='word_1_192' title='bbox 537 2478 652 2540; x_wconf 86' lang='lat' dir='ltr'><strong>magno</strong></span> <span class='ocrx_word' id='word_1_193' title='bbox 675 2457 817 2521; x_wconf 85' lang='lat' dir='ltr'><strong>exercitu</strong></span> <span class='ocrx_word' id='word_1_194' title='bbox 838 2456 916 2522; x_wconf 91' lang='lat' dir='ltr'><strong>locis</strong></span> <span class='ocrx_word' id='word_1_195' title='bbox 931 2459 1056 2542; x_wconf 87' lang='lat' dir='ltr'><strong>aequio-</strong></span> 
     </span>
     <span class='ocr_line' id='line_1_27' title="bbox 106 2539 1080 2627; baseline 0.002 -21"><span class='ocrx_word' id='word_1_196' title='bbox 106 2540 196 2606; x_wconf 90' lang='lat' dir='ltr'><strong>ribus</strong></span> <span class='ocrx_word' id='word_1_197' title='bbox 224 2541 389 2627; x_wconf 87' lang='lat' dir='ltr'><strong>expeditus</strong></span> <span class='ocrx_word' id='word_1_198' title='bbox 417 2543 451 2604; x_wconf 89' lang='lat' dir='ltr'><strong>in</strong></span> <span class='ocrx_word' id='word_1_199' title='bbox 475 2542 551 2626; x_wconf 81' lang='lat' dir='ltr'><strong>fuga</strong></span> <span class='ocrx_word' id='word_1_200' title='bbox 587 2551 778 2627; x_wconf 88' lang='lat' dir='ltr'><strong>sequeretur.</strong></span> <span class='ocrx_word' id='word_1_201' title='bbox 827 2539 892 2606; x_wconf 86' lang='lat' dir='ltr'><strong>Sed</strong></span> <span class='ocrx_word' id='word_1_202' title='bbox 921 2541 1080 2609; x_wconf 73' lang='lat' dir='ltr'><strong>Catilinas</strong></span> 
     </span>
     <span class='ocr_line' id='line_1_28' title="bbox 105 2625 1056 2713; baseline 0 -23"><span class='ocrx_word' id='word_1_203' title='bbox 105 2635 275 2713; x_wconf 90' lang='lat' dir='ltr'><strong>postquam</strong></span> <span class='ocrx_word' id='word_1_204' title='bbox 296 2626 384 2690; x_wconf 82' lang='lat' dir='ltr'><strong>videt</strong></span> <span class='ocrx_word' id='word_1_205' title='bbox 404 2625 562 2691; x_wconf 90' lang='lat' dir='ltr'><strong>montibus</strong></span> <span class='ocrx_word' id='word_1_206' title='bbox 585 2636 678 2710; x_wconf 87' lang='lat' dir='ltr'><strong>atque</strong></span> <span class='ocrx_word' id='word_1_207' title='bbox 701 2625 800 2712; x_wconf 91' lang='lat' dir='ltr'><strong>copiis</strong></span> <span class='ocrx_word' id='word_1_208' title='bbox 826 2625 964 2690; x_wconf 85' lang='lat' dir='ltr'><strong>hostium</strong></span> <span class='ocrx_word' id='word_1_209' title='bbox 986 2647 1056 2690; x_wconf 87' lang='lat' dir='ltr'><strong>sesa</strong></span> 
     </span>
     <span class='ocr_line' id='line_1_29' title="bbox 107 2710 1055 2796; baseline -0.002 -20"><span class='ocrx_word' id='word_1_210' title='bbox 107 2710 265 2793; x_wconf 85' lang='lat' dir='ltr'><strong>clausum,</strong></span> <span class='ocrx_word' id='word_1_211' title='bbox 286 2712 320 2775; x_wconf 92' lang='lat' dir='ltr'><strong>in</strong></span> <span class='ocrx_word' id='word_1_212' title='bbox 341 2711 419 2776; x_wconf 88' lang='lat' dir='ltr'><strong>urbe</strong></span> <span class='ocrx_word' id='word_1_213' title='bbox 441 2733 492 2774; x_wconf 87' lang='lat' dir='ltr'><strong>res</strong></span> <span class='ocrx_word' id='word_1_214' title='bbox 515 2710 679 2793; x_wconf 81' lang='lat' dir='ltr'><strong>advorsae,</strong></span> <span class='ocrx_word' id='word_1_215' title='bbox 707 2731 810 2796; x_wconf 91' lang='lat' dir='ltr'><strong>neque</strong></span> <span class='ocrx_word' id='word_1_216' title='bbox 838 2710 931 2794; x_wconf 80' lang='lat' dir='ltr'><strong>fugae</strong></span> <span class='ocrx_word' id='word_1_217' title='bbox 952 2733 1055 2795; x_wconf 90' lang='lat' dir='ltr'><strong>neque</strong></span> 
     </span>
     <span class='ocr_line' id='line_1_30' title="bbox 105 2793 1055 2882; baseline 0 -23"><span class='ocrx_word' id='word_1_218' title='bbox 105 2796 246 2882; x_wconf 87' lang='lat' dir='ltr'><strong>praesidi</strong></span> <span class='ocrx_word' id='word_1_219' title='bbox 266 2793 364 2860; x_wconf 89' lang='lat' dir='ltr'><strong>ullam</strong></span> <span class='ocrx_word' id='word_1_220' title='bbox 386 2818 492 2881; x_wconf 89' lang='lat' dir='ltr'><strong>spem,</strong></span> <span class='ocrx_word' id='word_1_221' title='bbox 522 2804 684 2881; x_wconf 88' lang='lat' dir='ltr'><strong>optumum</strong></span> <span class='ocrx_word' id='word_1_222' title='bbox 710 2795 796 2859; x_wconf 76' lang='lat' dir='ltr'><strong>factu</strong></span> <span class='ocrx_word' id='word_1_223' title='bbox 823 2803 909 2858; x_wconf 92' lang='lat' dir='ltr'><strong>ratus</strong></span> <span class='ocrx_word' id='word_1_224' title='bbox 936 2796 971 2859; x_wconf 93' lang='lat' dir='ltr'><strong>in</strong></span> <span class='ocrx_word' id='word_1_225' title='bbox 998 2795 1055 2859; x_wconf 90' lang='lat' dir='ltr'><strong>tali</strong></span> 
     </span>
    </p>

    <p class='ocr_par' dir='ltr' id='par_1_10' title="bbox 65 2878 1210 3115">
     <span class='ocr_line' id='line_1_31' title="bbox 65 2878 1053 2966; baseline 0.001 -23"><span class='ocrx_word' id='word_1_226' title='bbox 65 2901 97 2953; x_wconf 76' lang='lat'><strong>30</strong></span> <span class='ocrx_word' id='word_1_227' title='bbox 106 2902 143 2944; x_wconf 91' lang='lat' dir='ltr'><strong>re</strong></span> <span class='ocrx_word' id='word_1_228' title='bbox 162 2880 318 2944; x_wconf 84' lang='lat' dir='ltr'><strong>fortunam</strong></span> <span class='ocrx_word' id='word_1_229' title='bbox 337 2880 414 2945; x_wconf 90' lang='lat' dir='ltr'><strong>belli</strong></span> <span class='ocrx_word' id='word_1_230' title='bbox 428 2890 493 2946; x_wconf 91' lang='lat' dir='ltr'><strong>tem</strong></span> <span class='ocrx_word' id='word_1_231' title='bbox 515 2890 582 2944; x_wconf 83' lang='lat' dir='ltr'><strong>tare</strong></span> <span class='ocrx_word' id='word_1_232' title='bbox 597 2879 704 2946; x_wconf 87' lang='lat' dir='ltr'><strong>statuit</strong></span> <span class='ocrx_word' id='word_1_233' title='bbox 719 2901 791 2944; x_wconf 89' lang='lat' dir='ltr'><strong>cum</strong></span> <span class='ocrx_word' id='word_1_234' title='bbox 804 2878 942 2944; x_wconf 86' lang='lat' dir='ltr'><strong>Antonio</strong></span> <span class='ocrx_word' id='word_1_235' title='bbox 958 2901 1053 2966; x_wconf 90' lang='lat' dir='ltr'><strong>quam</strong></span> 
     </span>
     <span class='ocr_line' id='line_1_32' title="bbox 106 2963 1079 3050; baseline -0.004 -21"><span class='ocrx_word' id='word_1_236' title='bbox 106 2965 243 3050; x_wconf 89' lang='lat' dir='ltr'><strong>primum</strong></span> <span class='ocrx_word' id='word_1_237' title='bbox 266 2964 444 3049; x_wconf 85' lang='lat' dir='ltr'><strong>confligere.</strong></span> <span class='ocrx_word' id='word_1_238' title='bbox 498 2975 592 3050; x_wconf 86' lang='lat' dir='ltr'><strong>taque</strong></span> <span class='ocrx_word' id='word_1_239' title='bbox 607 2964 752 3030; x_wconf 89' lang='lat' dir='ltr'><strong>contione</strong></span> <span class='ocrx_word' id='word_1_240' title='bbox 774 2964 928 3029; x_wconf 82' lang='lat' dir='ltr'><strong>advocata</strong></span> <span class='ocrx_word' id='word_1_241' title='bbox 947 2963 1079 3032; x_wconf 72' lang='lat' dir='ltr'><strong>huiusa</strong></span> 
     </span>
     <span class='ocr_line' id='line_1_33' title="bbox 108 3049 1210 3115; baseline -0.002 -1"><span class='ocrx_word' id='word_1_242' title='bbox 108 3071 146 3114; x_wconf 87' lang='lat' dir='ltr'><strong>ce</strong></span> <span class='ocrx_word' id='word_1_243' title='bbox 166 3049 253 3114; x_wconf 92' lang='lat' dir='ltr'><strong>modi</strong></span> <span class='ocrx_word' id='word_1_244' title='bbox 275 3052 446 3114; x_wconf 90' lang='lat' dir='ltr'><strong>orationem</strong></span> <span class='ocrx_word' id='word_1_245' title='bbox 467 3050 590 3115; x_wconf 88' lang='lat' dir='ltr'><strong>habuit:</strong></span> <span class='ocrx_word' id='word_1_246' title='bbox 1204 3087 1210 3112; x_wconf 64' lang='grc' dir='ltr'>ι</span> 
     </span>
    </p>

    <p class='ocr_par' dir='ltr' id='par_1_11' title="bbox 66 3129 1215 3559">
     <span class='ocr_line' id='line_1_34' title="bbox 169 3129 1215 3218; baseline -0.004 -18"><span class='ocrx_word' id='word_1_247' title='bbox 169 3129 374 3218; x_wconf 83' lang='lat' dir='ltr'><strong>&#39;Conpertum</strong></span> <span class='ocrx_word' id='word_1_248' title='bbox 397 3156 456 3218; x_wconf 84' lang='lat' dir='ltr'><strong>ego</strong></span> <span class='ocrx_word' id='word_1_249' title='bbox 477 3133 596 3216; x_wconf 89' lang='lat' dir='ltr'><strong>habeo,</strong></span> <span class='ocrx_word' id='word_1_250' title='bbox 623 3131 755 3216; x_wconf 89' lang='lat' dir='ltr'><strong>milites,</strong></span> <span class='ocrx_word' id='word_1_251' title='bbox 785 3130 885 3198; x_wconf 86' lang='lat' dir='ltr'><strong>verba</strong></span> <span class='ocrx_word' id='word_1_252' title='bbox 905 3129 1054 3196; x_wconf 88' lang='lat' dir='ltr'><strong>virtutem</strong></span> <span class='ocrx_word' id='word_1_253' title='bbox 1064 3150 1104 3205; x_wconf 71' lang='lat' dir='ltr'><strong>ss</strong></span> <span class='ocrx_word' id='word_1_254' title='bbox 1200 3143 1215 3182; x_wconf 52' lang='grc' dir='ltr'><strong>τ’</strong></span> 
     </span>
     <span class='ocr_line' id='line_1_35' title="bbox 106 3216 1055 3304; baseline -0.001 -21"><span class='ocrx_word' id='word_1_255' title='bbox 106 3240 172 3283; x_wconf 90' lang='lat' dir='ltr'><strong>non</strong></span> <span class='ocrx_word' id='word_1_256' title='bbox 187 3218 312 3301; x_wconf 89' lang='lat' dir='ltr'><strong>addere,</strong></span> <span class='ocrx_word' id='word_1_257' title='bbox 334 3240 436 3304; x_wconf 88' lang='lat' dir='ltr'><strong>neque</strong></span> <span class='ocrx_word' id='word_1_258' title='bbox 459 3240 500 3282; x_wconf 87' lang='lat' dir='ltr'><strong>ex</strong></span> <span class='ocrx_word' id='word_1_259' title='bbox 520 3220 635 3304; x_wconf 81' lang='lat' dir='ltr'><strong>ignavo</strong></span> <span class='ocrx_word' id='word_1_260' title='bbox 650 3226 811 3282; x_wconf 87' lang='lat' dir='ltr'><strong>strenuum</strong></span> <span class='ocrx_word' id='word_1_261' title='bbox 824 3238 929 3301; x_wconf 87' lang='lat' dir='ltr'><strong>neque</strong></span> <span class='ocrx_word' id='word_1_262' title='bbox 942 3216 1055 3282; x_wconf 81' lang='lat' dir='ltr'><strong>fortem</strong></span> 
     </span>
     <span class='ocr_line' id='line_1_36' title="bbox 66 3299 1081 3389; baseline -0.002 -17"><span class='ocrx_word' id='word_1_263' title='bbox 66 3321 98 3374; x_wconf 76' lang='lat'><strong>³5</strong></span> <span class='ocrx_word' id='word_1_264' title='bbox 109 3324 151 3367; x_wconf 87' lang='lat' dir='ltr'><strong>ex</strong></span> <span class='ocrx_word' id='word_1_265' title='bbox 164 3303 272 3368; x_wconf 91' lang='lat' dir='ltr'><strong>timido</strong></span> <span class='ocrx_word' id='word_1_266' title='bbox 285 3305 457 3370; x_wconf 84' lang='lat' dir='ltr'><strong>exercitum</strong></span> <span class='ocrx_word' id='word_1_267' title='bbox 469 3305 607 3367; x_wconf 85' lang='lat' dir='ltr'><strong>oratione</strong></span> <span class='ocrx_word' id='word_1_268' title='bbox 617 3302 814 3389; x_wconf 88' lang='lat' dir='ltr'><strong>imperatoris</strong></span> <span class='ocrx_word' id='word_1_269' title='bbox 828 3301 907 3366; x_wconf 85' lang='lat' dir='ltr'><strong>fieri.</strong></span> <span class='ocrx_word' id='word_1_270' title='bbox 930 3299 1081 3380; x_wconf 76' lang='lat' dir='ltr'><strong>Quantat</strong></span> 
     </span>
     <span class='ocr_line' id='line_1_37' title="bbox 109 3385 1053 3474; baseline -0.004 -21"><span class='ocrx_word' id='word_1_271' title='bbox 109 3388 260 3474; x_wconf 88' lang='lat' dir='ltr'><strong>cuiusque</strong></span> <span class='ocrx_word' id='word_1_272' title='bbox 282 3389 385 3452; x_wconf 88' lang='lat' dir='ltr'><strong>animo</strong></span> <span class='ocrx_word' id='word_1_273' title='bbox 415 3386 547 3452; x_wconf 84' lang='lat' dir='ltr'><strong>audacia</strong></span> <span class='ocrx_word' id='word_1_274' title='bbox 572 3396 687 3451; x_wconf 87' lang='lat' dir='ltr'><strong>natura</strong></span> <span class='ocrx_word' id='word_1_275' title='bbox 712 3395 766 3450; x_wconf 86' lang='lat' dir='ltr'><strong>aut</strong></span> <span class='ocrx_word' id='word_1_276' title='bbox 793 3385 933 3472; x_wconf 83' lang='lat' dir='ltr'><strong>moribus</strong></span> <span class='ocrx_word' id='word_1_277' title='bbox 962 3387 1053 3468; x_wconf 90' lang='lat' dir='ltr'><strong>inest,</strong></span> 
     </span>
     <span class='ocr_line' id='line_1_38' title="bbox 108 3469 1053 3559; baseline -0.004 -21"><span class='ocrx_word' id='word_1_278' title='bbox 108 3481 196 3538; x_wconf 83' lang='lat' dir='ltr'><strong>tanta</strong></span> <span class='ocrx_word' id='word_1_279' title='bbox 216 3474 250 3538; x_wconf 90' lang='lat' dir='ltr'><strong>iu</strong></span> <span class='ocrx_word' id='word_1_280' title='bbox 270 3471 355 3538; x_wconf 87' lang='lat' dir='ltr'><strong>bello</strong></span> <span class='ocrx_word' id='word_1_281' title='bbox 369 3481 478 3559; x_wconf 90' lang='lat' dir='ltr'><strong>patere</strong></span> <span class='ocrx_word' id='word_1_282' title='bbox 493 3471 588 3554; x_wconf 81' lang='lat' dir='ltr'><strong>solet3</strong></span> <span class='ocrx_word' id='word_1_283' title='bbox 612 3493 705 3558; x_wconf 89' lang='lat' dir='ltr'><strong>quem</strong></span> <span class='ocrx_word' id='word_1_284' title='bbox 718 3492 821 3556; x_wconf 86' lang='lat' dir='ltr'><strong>neque</strong></span> <span class='ocrx_word' id='word_1_285' title='bbox 836 3469 937 3558; x_wconf 84' lang='lat' dir='ltr'><strong>gloria</strong></span> <span class='ocrx_word' id='word_1_286' title='bbox 951 3489 1053 3556; x_wconf 84' lang='lat' dir='ltr'><strong>neque</strong></span> 
     </span>
    </p>
   </div>
   <div class='ocr_carea' id='block_1_5' title="bbox 0 0 1256 3968">
    <p class='ocr_par' dir='ltr' id='par_1_12' title="bbox 0 0 1256 3968">
     <span class='ocr_line' id='line_1_39' title="bbox 0 0 1256 3968; baseline 0 7"><span class='ocrx_word' id='word_1_287' title='bbox 0 0 1256 3968; x_wconf 95' lang='lat' dir='ltr'><strong> </strong></span> 
     </span>
    </p>
   </div>
  </div>
 </body>
</html>
