2520 3966
395 247 622 322 weverae
641 249 770 320 49-60
1015 254 1056 320 83

102 422 313 512 superiorem,
334 433 380 492 ut·
389 424 560 513 prudentes
575 447 647 492 curn
661 426 695 490 in
717 424 814 510 eritis,
835 447 877 492 ne
891 425 1057 512 pauciores

102 526 180 576 cum
200 509 344 598 plmibus
357 521 411 578 aut
431 511 526 578 mdes
548 512 675 578 cumbe
699 534 719 577 o
732 510 915 580 melioribus
929 532 1057 578 manum

103 605 326 681 consererent3
353 597 486 685 proinde
514 600 616 685 parati
636 598 810 686 intentique
839 607 945 664 essent
966 598 991 660 s'
1037 614 1081 666 0³

103 681 180 746 dato
201 682 361 750 Romanos
381 684 548 750 invadere:
569 683 659 750 illum
681 684 765 750 diem
779 691 834 750 aut
854 685 955 752 omnis
969 682 1002 748 la
1025 705 1056 748 o·

73 787 158 835 ores
195 777 226 832 et
260 767 409 836 victorias
445 770 714 853 confirmaturum,
751 780 805 838 sut
838 791 1057 836 maxumarum

103 875 326 921 aerumnarum
339 855 463 920 initium
475 856 552 923 fore.
580 856 635 922 Ad
647 856 708 922 hoc
729 857 861 940 viritim,
883 857 931 922 uti
971 870 1082 921 uem-t
1170 853 1176 868 ¹

103 960 168 1025 que
191 939 231 1004 ob
251 941 387 1007 militare
408 941 529 1008 facinus
542 943 679 1030 pecunia
692 950 746 1008 aut
759 941 878 1011 honore
893 964 934 1007 ex
981 949 1057 1024 erat,

105 1026 375 1092 commonefacere
398 1028 523 1094 benifici
537 1031 587 1094 sui
608 1038 640 1095 et
661 1051 733 1096 eum
746 1029 851 1114 ipsum
870 1027 940 1092 aliis
956 1036 1056 1092 osten·

103 1119 187 1195 tare;
208 1119 367 1199 postremo
380 1136 446 1264 ‘pro
469 1115 619 1202 cuiusque
633 1114 760 1201 ingenio
774 1113 953 1201 pollicendo
967 1112 1056 1176 mini

59 1196 202 1267 rotando
235 1198 420 1266 obtestano
450 1201 547 1266 alium
575 1200 637 1266 alio
669 1200 763 1266 modo
790 1200 946 1281 excitare,
985 1219 1057 1263 cum

103 1283 232 1347 interim
250 1284 413 1370 Metellus,
435 1287 564 1374 ignarus
583 1287 721 1354 hostium
741 1295 847 1353 monte
869 1282 1056 1370 degrediens

103 1389 178 1432 cum
207 1371 357 1453 exercitu,
384 1393 459 1437 cons
481 1373 598 1458 icatur,
626 1373 729 1460 primo
751 1370 881 1454 dubius,
928 1366 1082 1434 uidnams

102 1453 231 1524 insolita
250 1455 349 1524 facies
368 1396 547 1526 ostenderet
566 1497 610 1510 —·-
629 1481 704 1528 nam
725 1459 807 1522 inter
826 1457 877 1526 vir
931 1456 1057 1542 ta=.equi

100 1544 322 1631 Numidaeque
348 1545 570 1629 consederant,
592 1567 696 1632 neque
716 1543 812 1632 plene
833 1542 981 1609 occultati
1000 1539 1056 1606 hu·

57 1630 235 1697 umilitate
257 1630 421 1714 arborum,
449 1639 607 1698 ettamen
627 1631 755 1712 incerti,
785 1628 935 1716 quidnam
964 1635 1056 1708 esset,

103 1739 177 1781 cnm
196 1725 310 1783 natura
330 1716 393 1783 loci
414 1727 481 1782 tum
502 1717 574 1782 dolo
596 1718 658 1806 ipsi
680 1726 773 1802 atque
796 1716 887 1817 signa
909 1713 1057 1780 militaria

103 1802 263 1868 obscurati
282 1826 341 1887 -3
363 1802 453 1886 dein,
474 1803 566 1868 brevi
588 1803 720 1889 cognitis
734 1801 874 1884 insidiis,
895 1799 1057 1888 paulisper

103 1910 218 1974 agmen
240 1889 409 1955 constituit.
443 1889 495 1953 lbi
516 1890 711 1956 commutatis
732 1886 910 1970 ordinibus,
932 1886 966 1950 in
980 1884 1081 1950 dex-s

102 1983 173 2039 tero
193 1973 309 2058 latere,
332 1973 418 2064 quod
438 1997 628 2062 proxumum
648 1975 747 2041 hostis
770 1981 854 2054 crat,
880 1969 1056 2058 triplicibus

57 2079 93 2131 20
104 2059 254 2125 subsidiis
275 2062 377 2126 aciem
396 2061 562 2144 instruxit,
582 2062 667 2126 inter
680 2057 857 2145 manipulos
880 2056 1056 2124 ¹frurditores

103 2153 136 2210 et
157 2146 335 2231 sagittarios
350 2147 504 2234 dispertit,
527 2148 699 2233 equitatum
714 2166 838 2210 omnem
860 2143 894 2208 in
908 2140 1056 2208 cornibus

102 2230 202 2315 locat,
225 2254 263 2297 ac
283 2255 386 2320 pauca
404 2254 463 2320 pro
484 2243 625 2320 tempore
642 2231 758 2298 milites
772 2229 922 2314 hortatus,
945 2229 1056 2310 aciem,

102 2318 195 2382 sicuti
224 2318 431 2406 instruxerat,
460 2319 648 2386 transvorsis
674 2315 836 2404 principiis
865 2316 899 2380 in
926 2313 1056 2466 limum

101 2402 238 2468 deducit.
283 2404 347 2470 Sed
367 2405 424 2471 ubi
444 2405 596 2470 Numidas
619 2405 743 2491 quietos
762 2423 865 2488 neque
892 2424 929 2468 co
955 2423 973 2465 e
1002 2400 1101 2468 de-5o

57 2505 91 2556 25
101 2489 193 2575 gredi
208 2490 438 2575 animadvortit,
461 2493 591 2556 verium.
602 2513 644 2557 ex
657 2489 733 2556 anni
746 2497 888 2638 temlgqre
903 2496 935 2553 et
948 2488 1056 2574 inopia

101 2596 220 2660 aquae,
243 2597 283 2640 ne
306 2578 357 2640 siti
379 2577 586 2643 conficeretur
608 2577 775 2659 exercitus,
846 2573 948 2640 tilium
970 2573 1055 2659 lega-

100 2668 167 2724 tum
190 2682 262 2724 oum
284 2662 439 2748 expeditis
455 2662 634 2730 cohortibus
657 2671 689 2727 et
701 2669 791 2748 parte
805 2661 945 2747 equitum
965 2681 1055 2746 prae·

100 2747 187 2808 misit
219 2746 259 2810 ad
292 2745 425 2831 flumen,
458 2751 504 2813 uti
532 2749 636 2815 locum
669 2747 780 2813 castris
813 2755 886 2812 ante
918 2753 1055 2831 caperet,

99 2833 312 2915 existumans,
333 2832 432 2900 hostis
447 2835 558 2902 crebro
579 2835 689 2923 inpetu
710 2843 742 2899 et
755 2832 943 2900 transvorsis
963 2853 1055 2917 proe-

56 2915 151 2985 tuliis
173 2918 233 2982 iter
255 2940 346 2984 suum
368 2931 592 3005 remoraturos,
619 2929 652 2987 et
680 2919 827 3008 quoniam
853 2919 948 2984 annis
974 2915 1054 2980 ‹li-ffi-

100 3003 227 3087 derent,
261 3005 478 3071 lassitudinem
508 3016 540 3072 at
571 3007 655 3072 sitim
683 3005 818 3071 militum
838 3010 1053 3090 temptandos.

98 3087 226 3153 Deinde
248 3092 316 3177 ipse
338 3113 396 3178 pro
417 3115 452 3156 re
467 3103 560 3179 atque
575 3091 662 3176 loeo,
685 3091 776 3157 sicuti
797 3096 903 3156 monte
923 3087 1079 3154 descen-2

100 3173 206 3258 derat,
235 3177 398 3262 paullatim
418 3179 607 3264 procedere,
633 3179 770 3242 Marium
796 3183 870 3324 post
896 3172 1057 3262 principia

99 3259 234 3326 habere:
257 3264 325 3349 ipse
348 3286 419 3328 cum
442 3266 585 3330 sinistrae
608 3264 677 3329 alae
699 3262 855 3350 equitius
882 3281 968 3343 esse,
998 3260 1052 3346 qui

58 3349 134 3418 asin
155 3349 282 3434 agmins
302 3351 461 3436 principes
483 3348 558 3415 faeti
587 3359 686 3415 erant.
727 3347 772 3412 At
797 3344 964 3432 Iugurtha,
997 3345 1078 3412 ubis

100 3443 276 3500 extremum
298 3457 412 3522 agmen
424 3435 546 3501 Metelli
559 3439 679 3524 primos
693 3456 766 3499 euos
785 3441 1053 3534 praetergressum

97 3521 201 3607 videt,
223 3523 382 3610 praesidio
403 3524 494 3610 quasi
515 3521 611 3588 duum
624 3520 746 3586 milium
782 3516 900 3672 edistqm
913 3525 1052 3586 montem
