2502 3968
393 259 621 329 IVGVR'PHA
643 261 770 328 13-14
1015 263 1058 328 55

98 435 235 584 patratis
270 434 422 518 consiliis,
460 445 628 524 postquam
664 437 750 501 omni
775 434 924 500 Numidia
959 427 1058 522 potie-

126 529 211 603 atur,
238 521 272 584 in
299 521 362 585 otio
392 521 513 586 facinus
544 544 635 587 suum
664 545 736 586 cum
765 523 869 588 animo
897 530 1058 607 reputans,

99 607 216 670 timere
237 606 390 693 populum
404 607 581 673 Romanum
602 631 643 671 ne
665 630 706 672 ue
728 607 881 673 advorsus
895 609 976 672 iram
991 609 1058 672 eius

99 713 239 777 usquam
266 694 328 756 nisi
356 695 391 756 iu
419 695 553 758 avaritia
581 693 655 758 nob*
672 695 755 757 'tatis
786 703 817 758 ct
845 694 981 779 pecunia
1003 714 1060 758 sua

73 795 197 863 §spem
228 776 354 842 hebere.
397 778 508 865 Itaque
560 781 647 844 aucis
677 778 789 844 diebus
820 801 891 844 cum
924 801 999 843 auro
1029 786 1084 843 et6

101 873 236 948 argento
258 863 357 928 multo
379 862 501 949 legatos
551 887 655 930 ornam
675 865 781 949 mittit,
805 867 874 952 quis
896 866 1058 952 praecipit,

98 952 241 1036 primum
254 951 301 1013 uti
310 958 434 1014 veteres
446 952 564 1016 amicos
575 950 758 1015 muneribus
771 950 929 1038 expleant,
946 949 1060 1014 deinde

99 1057 204 1100 novos
226 1034 410 1122 adquirant,
435 1046 595 1122 postremo
618 1059 835 1124 quaecumque
856 1038 979 1122 possint
1000 1036 1059 1100 lar-

100 1119 223 1208 giundo
243 1143 356 1207 parare
376 1143 418 1186 ne
440 1131 636 1188 cunctentur.
667 1122 732 1188 Sed
745 1123 802 1188 ubi
816 1123 950 1187 Romam
964 1121 1085 1208 legatit

57 1227 222 1281 revenere
251 1215 282 1271 et
316 1229 358 1272 ex
388 1218 557 1297 praecepto
589 1210 674 1294 regis
706 1208 884 1295 hospitibus
917 1209 987 1272 aliis
1010 1230 1059 1292 uc,

100 1315 239 1380 quorum
261 1315 299 1357 ea
320 1301 507 1380 tempestate
529 1295 563 1359 in
582 1304 697 1359 senatu
719 1296 888 1359 auctoritas
909 1231 1059 1380 pollebat,

99 1401 220 1464 magna
248 1401 379 1444 munera
406 1381 536 1465 misere,
571 1389 659 1445 tanta
686 1381 888 1446 commutatio
920 1381 1059 1463 incessit,

99 1474 139 1529 ut
161 1487 204 1530 ex
224 1487 374 1530 maxuma
395 1466 516 1531 invidia
537 1467 571 1530 in
592 1468 727 1552 gratiam
749 1475 781 1532 et
802 1467 944 1533 favorem
970 1466 1060 1531 nobi-

100 1551 201 1616 litatis
223 1549 376 1635 Iugurtha
396 1553 537 1638 veniret3
562 1575 695 1640 quorum
715 1574 820 1639 parss
845 1576 871 1637 e,
895 1552 950 1618 alii
970 1569 1085 1640 prae-s

56 1638 166 1706 15mio
188 1635 310 1702 inducti
332 1637 472 1724 singulos
495 1649 663 1703 exsenatu
678 1639 807 1705 amhiun
831 1662 849 1704 o
871 1639 1059 1722 nitebantur,

97 1745 144 1787 ne
166 1725 294 1808 gravius
316 1724 350 1787 in
381 1743 452 1790 eum
481 1725 707 1790 consuleretur.
751 1725 851 1812 Igitur
879 1724 934 1788 ubi
964 1724 1085 1811 legatis

100 1809 180 1873 satis
196 1807 357 1874 confidunt
390 1809 441 1874 dic
458 1813 636 1895 constituto,
660 1820 787 1876 senatus
802 1812 943 1898 utrisque
959 1811 1059 1876 datur.

99 1893 186 1960 Tum
207 1894 423 1962 Adherbalem
445 1895 506 1961 hoc
527 1897 621 1963 modo
644 1897 785 1962 locutum
806 1898 1003 1984 accepimus:
1071 1911 1108 1968 14

4 1989 5 2038 t
164 1975 288 2047 'Patres
318 1982 504 2070 conscripti,
534 1983 670 2070 Micipsa
689 1992 781 2069 pater
801 2004 890 2047 meus
921 1983 1059 2048 moriens

56 2067 182 2140 mmihi
202 2071 380 2155 praecepit,
403 2069 450 2132 uti
470 2071 562 2155 regni
576 2069 744 2134 Numidiae
758 2067 974 2134 tantummodo
989 2091 1058 2156 pro·

101 2155 299 2219 curationem
322 2156 547 2220 existumarem
569 2179 688 2238 meam,
717 2163 857 2219 ceterum
878 2158 928 2219 ius
951 2164 983 2219 et
1004 2158 1060 2220 irn-

98 2241 227 2328 perium
256 2241 323 2304 eius
350 2263 448 2328 penes
476 2263 534 2308 vos
564 2264 650 2325 esse3
683 2240 776 2306 simul
810 2243 946 2305 eniterer
976 2241 1061 2307 domi

99 2325 296 2414 militiaeque
318 2350 413 2413 quam
435 2349 582 2392 maxumo
604 2348 664 2392 usu
686 2347 756 2390 csse
775 2326 893 2414 populo
908 2328 1059 2410 Romano,

99 2434 160 2478 vos
190 2411 269 2477 mihi
299 2423 520 2499 cognatorum,
549 2433 607 2478 vos
630 2411 782 2478 adfinium
803 2413 873 2478 loco
897 2414 1059 2478 ducerem:

57 2500 131 2564 assi
153 2519 191 2562 ea
212 2499 368 2582 fecissem,
390 2501 424 2563 in
445 2507 553 2563 vostra
574 2500 712 2563 amicitia
728 2501 902 2564 exercitum
924 2501 1058 2582 divitias,

100 2586 298 2649 munimenta
317 2587 425 2671 regni,
456 2607 507 2648 me
529 2584 719 2648 habituum.
766 2583 855 2664 Quae
879 2607 950 2649 cum
971 2607 1082 2670 prae-2

101 2679 195 2757 cepta
208 2672 447 2757 parentislmei]
460 2672 623 2756 agitarem,
637 2669 799 2754 Iugurtha,
815 2671 909 2735 homo
921 2671 1059 2734 omnium

100 2776 181 2844 quos
210 2768 296 2821 terra
324 2758 458 2820 sustinet
484 2754 773 2839 sceleratissumus,
802 2764 980 2844 contempto
1002 2757 1058 2819 im-

58 2845 190 2931 superio
223 2851 331 2908 vostro
363 2842 551 2908 Masinissae
588 2863 640 2906 me
675 2851 825 2929 nepotem
858 2851 888 2908 ct
921 2847 986 2906 iam
1018 2842 1059 2906 ab

99 2929 201 3016 stirpe
230 2930 352 2993 socium
380 2938 475 3016 atque
496 2928 634 2992 amicum
660 2927 772 3014 populi
799 2928 933 2992 Romani
959 2948 1058 3012 regno

99 3015 297 3101 fortunisque
320 3014 464 3080 omnibus
487 3013 618 3102 expulit.

164 3100 271 3188 Atque
294 3123 369 3186 ego,
399 3109 504 3187 patres
528 3101 714 3187 conscripti,
738 3100 886 3188 quoniam
908 3121 946 3163 eo
967 3101 1083 3180 mise3

99 3188 219 3253 riarum
240 3196 392 3252 venturus
415 3208 516 3270 eram,
544 3187 663 3251 vellem
684 3187 788 3272 potius
810 3185 850 3249 ab
872 3207 945 3250 mea
966 3208 1059 3271 quam

101 3272 143 3337 cb
172 3274 327 3338 maiorum
354 3271 518 3360 [meorum]
546 3272 694 3337 benificia
715 3293 808 3358 posse
832 3275 904 3354 [me]
928 3295 947 3335 a
967 3270 1058 3336 vobis

62 3375 91 3430 tt
101 3358 254 3423 auxilium
275 3368 400 3444 petere,
428 3380 466 3422 ac
491 3380 640 3423 maxume
669 3357 777 3421 deberi
806 3356 883 3422 mihi
911 3357 1059 3422 benificia

100 3467 120 3508 a
141 3444 257 3531 populo
279 3445 439 3527 Romano,
471 3443 585 3532 quibus
611 3467 676 3509 non
707 3465 847 3530 egerem3
882 3442 1058 3509 secundum

100 3552 155 3610 ea,
187 3533 214 3597 si
236 3529 447 3598 desideranda
469 3539 572 3613 crant,
605 3532 653 3595 uti
686 3527 801 3594 debitis
830 3539 945 3596 uterer.
991 3529 1082 3600 Sede
