2502 3968
249 185 252 190 ’
375 217 603 288 rvevmnn
626 219 751 288 15-16
1002 223 1045 288 os

148 391 321 480 Postquam
341 413 401 458 rex
421 392 517 459 tinem
539 393 690 482 loquendi
703 394 794 478 fecit,
816 393 914 481 legati
933 393 1092 482 Iugur-15

78 485 174 562 tneo,
196 477 363 565 largitione
385 481 487 566 magis
531 503 605 546 uam
627 503 740 546 caussa
760 480 842 565 freti,
864 482 974 632 paucis
994 502 1045 546 re-

78 564 257 652 spondent:
272 564 370 630 Hiem
393 565 492 631 selem
507 588 524 631 o
564 569 728 632 saevitiam
743 590 833 633 suam
847 589 867 631 a
898 566 1044 633 Numidis

78 651 302 735 interfectum
330 650 363 716 A
407 652 547 718 erhalem
573 653 655 718 ultro
691 653 814 720 bellum
846 653 1043 738 inferentem,

53 747 255 824 spostquam
276 747 441 889 superatus
465 740 513 822 sit,
537 742 641 826 queri,
664 739 751 826 qnod
770 741 918 806 iniuriam
938 742 1043 805 facere

78 825 258 911 nequisset.
329 825 499 911 ugurtham
538 826 578 890 ab
619 834 731 894 senatu
769 834 894 914 petere,
934 848 977 892 ne
1009 848 1043 890 so

79 911 183 977 alium
204 919 368 998 putarent,
398 934 435 976 ao
456 911 646 978 Numantiae
669 914 815 1000 cognitus
846 921 946 995 esset,
979 935 1043 977 neu

79 997 185 1062 verba
207 999 328 1062 inimici
350 1006 422 1062 ante
444 998 529 1064 faeta
551 1021 609 1063 sua
621 1008 787 1086 ponerent.
824 998 952 1065 Deinde
966 1000 1067 1064 utri-²

79 1105 146 1236 pue
177 1085 266 1149 curia
293 1083 505 1170 egrediuntur.
557 1084 692 1152 Senatus
721 1087 827 1152 statim
860 1084 1043 1151 consulitur.

40 1200 70 1252 10
111 1179 239 1236 autores
262 1169 447 1256 legatorum,
470 1180 634 1257 praeterea
657 1176 806 1254 [senatus]
830 1193 1044 1258 magnopere,

80 1257 188 1343 gratia
199 1256 380 1344 depravata,
395 1256 587 1322 Adherbalis
599 1259 685 1324 diota
699 1267 912 1342 contemnere,
933 1258 1044 1344 Iugur-

80 1343 158 1408 thae
179 1345 330 1408 virtutem
352 1343 505 1410 extollere
527 1343 689 1429 laudibus3
716 1346 819 1432 gratia
839 1367 934 1428 voce,
958 1345 1044 1408 deni-

80 1451 147 1519 que
170 1429 318 1495 omnihus
346 1430 449 1494 modis
480 1435 539 1519 pro
568 1431 672 1497 alieno
700 1431 823 1498 scelere
853 1441 884 1496 et
913 1430 1043 1518 flagitio,

81 1539 144 1582 eus
167 1517 259 1603 quasi
278 1538 337 1602 pro
359 1516 478 1602 gloria,
501 1517 691 1583 nitebantur.
735 1517 781 1584 At
803 1527 914 1584 contra
941 1519 1069 1605 pauci,t

1 1627 2 1630 ¹
41 1603 203 1691 aquibus
231 1602 352 1668 bonum
381 1612 413 1668 et
441 1625 552 1668 aeomn
574 1605 694 1670 divitiis
724 1607 828 1670 carius
858 1613 942 1689 erat,
973 1603 1045 1669 suh-

1 1705 2 1740 ἒ
80 1689 282 1756 veniundum
302 1688 480 1754 Adherbali
502 1700 533 1755 et
554 1691 748 1779 Hiempsalis
771 1701 907 1758 mortem
933 1713 1045 1756 severe

81 1775 309 1840 vindicandam
338 1775 526 1860 censebant3
563 1777 620 1842 sed
648 1801 690 1842 ex
719 1777 864 1846 omnibus
895 1789 1071 1844 maxumst

79 1861 241 1928 Aemilius
274 1859 429 1946 Scaurus,
462 1862 556 1928 homo
585 1864 710 1948 nobilis,
739 1867 865 1952 inpiger
885 1864 1043 1946 factiosus,

81 1950 198 2015 avidus
243 1949 380 2016 olentiae
402 1949 550 2032 honoris,
574 1951 771 2034 divitiarum,
806 1959 947 2015 ceterum
968 1951 1047 2015 vitia

1 2097 2 2100 ,
40 2057 183 2116 20suao
229 2035 281 2102 'de
303 2035 473 2102 occultans.
517 2035 550 2100 Is
572 2046 740 2122 postquam
760 2037 850 2102 videt
878 2038 963 2124 regis
985 2035 1070 2101 lar-5

81 2124 238 2210 gitionem
259 2122 413 2188 &mosam
434 2121 718 2210 inpudentemque,
745 2125 882 2206 veritus,
906 2122 991 2212 quod
1013 2124 1047 2185 in

81 2209 141 2276 tali
162 2232 198 2273 re
221 2208 317 2292 solet,
339 2231 381 2273 ne
395 2207 518 2295 polluta
531 2207 659 2274 licentia
679 2209 832 2274 invidiam
847 2209 1045 2291 accenderet,

82 2297 226 2362 animum
248 2317 268 2360 a
290 2303 441 2359 consueta
461 2293 604 2360 lubidine
627 2297 788 2360 continuit.
832 2295 918 2361 Vicit
939 2304 1046 2362 tamen
1058 2311 1095 2365 tt

81 2384 118 2448 in
141 2391 253 2446 senatu
273 2403 347 2469 pars
370 2381 442 2465 illa,
473 2404 553 2469 quae
579 2404 656 2447 vero
679 2384 815 2468 pretium
837 2392 891 2447 aut
912 2383 1047 2470 gratiam

42 2477 159 2542 ssantc
181 2467 320 2560 ferebar
347 2467 509 2533 decretum
530 2469 574 2551 fit,
597 2470 644 2533 uti
666 2469 777 2533 decem
791 2468 890 2556 legati
902 2487 1072 2556 regnumn

84 2554 172 2642 quod
192 2555 270 2618 Mioi
293 2577 329 2617 sa
351 2554 537 2639 obtinuerat,
560 2557 643 2619 inter
663 2553 851 2642 Iugurtham
873 2564 904 2620 et
924 2555 1048 2621 Adher·

82 2642 192 2707 halem
203 2577 390 2705 dividerent.
412 2641 510 2705 Cuius
522 2641 689 2727 legationis
699 2643 849 2729 princeps
860 2643 919 2706 fuit
929 2643 1047 2706 Lucius

85 2729 247 2814 Opimius,
269 2727 363 2792 homo
386 2727 490 2792 clarus
514 2738 546 2793 et
565 2737 632 2792 tum
653 2731 687 2792 in
703 2739 815 2793 senatu
853 2739 951 2812 otcns,
975 2730 1049 2814 quia

85 2815 215 2899 consul,
238 2811 320 2880 Gaio
343 2813 490 2881 Graccho
513 2821 546 2880 ot
564 2815 674 2880 Marco
689 2815 804 2881 Fulvio
819 2753 937 2880 hElacco
952 2815 1047 2878 inter-

44 2927 76 2980 no
85 2902 188 2985 fectis,
210 2920 375 2967 acerrume
389 2901 557 2968 victoriam
570 2901 744 2966 nobilitatis
766 2904 800 2966 in
813 2901 943 2988 plebem
957 2921 1047 2964 exer·

21 3053 24 3064 ,
85 2996 205 3055 onerat.
247 2987 333 3054 Eum
360 2987 515 3075 Iugrutha
542 2990 668 3052 tametsi
696 2989 817 3053 Romae
847 2989 881 3052 in
910 2987 1072 3058 inimicias

84 3075 248 3160 habuerat,
271 3084 378 3139 tamen
396 3074 645 3140 adcuratissume
659 3076 792 3162 recepit,
816 3073 919 3140 dando
936 3081 969 3140 et
981 3071 1048 3161 pol·

86 3161 237 3228 licitando
260 3160 360 3225 multa
384 3162 532 3248 perfecit,
562 3162 609 3226 uti
630 3161 750 3246 burae,
779 3160 857 3243 fide,
887 3169 1047 3248 postremo

86 3249 233 3315 omnibus
249 3249 314 3312 suis
328 3247 423 3330 rebus
440 3247 639 3312 commodum
653 3250 738 3333 regis
755 3247 947 3311 anteferret.
964 3245 1074 3316 Reli-r

47 3355 166 3424 roquos
188 3335 310 3419 legatos
333 3335 446 3398 eadem
467 3336 520 3398 via
542 3334 727 3420 adgressus,
754 3332 923 3420 plerosque
947 3334 1048 3419 capit;

86 3423 196 3510 paucis
219 3421 323 3484 carior
344 3421 423 3486 fidos
467 3423 540 3484 uam
562 3423 698 3506 pecunia
718 3421 785 3486 fuit.
822 3421 861 3486 In
883 3420 1074 3504 divisiones

88 3509 169 3595 quae
182 3529 257 3594 pars
272 3506 440 3572 Numidiae
447 3443 684 3572 hlametamam
700 3508 838 3594 attingit,
861 3528 937 3592 agro
957 3507 1049 3573 viris-

1245 1031 1248 1038 a

1244 1041 1247 1050 n
