2520 3966
417 151 646 222 Ivavs‘rus
667 150 796 222 83-84
1022 153 1087 222 10⁶

126 327 270 396 eimdem
291 335 449 416 potestate
469 328 594 394 initium
623 329 691 394 eius
720 334 753 392 ot
772 325 870 394 finem
897 347 984 412 esse;
1005 326 1083 394 inci-

125 437 204 504 pere
217 417 329 498 cuivis,
348 417 442 480 etiam
457 414 574 500 ignavo
589 414 696 497 licere,
715 414 841 500 deponi,
859 436 932 480 cum
945 415 1083 482 victores

125 501 243 567 velint:
272 501 406 588 proinde
435 501 497 566 sibi
526 523 688 588 regnoque
716 522 774 566 suo
804 499 997 584 consuleret,
1020 523 1084 567 nou

125 586 268 653 florentis
296 609 348 652 res
375 609 448 652 suas
478 609 551 652 cum
578 585 750 672 Iugurthae
771 587 904 673 perditis
926 588 1082 654 misceret.

87 674 179 740 5Ad
208 697 247 739 sa
273 696 333 740 rex
362 675 438 739 satis
489 672 592 739 lacida
620 673 720 739 verba
751 672 844 739 facit:
873 696 944 738 sese
971 695 1083 760 pacem

124 783 251 848 cupere,
275 761 333 826 scd
353 696 524 846 Iugurtbae
538 759 734 825 forumarum
747 760 907 843 misereri;
930 761 958 824 si
973 760 1083 825 eadem

122 847 172 912 illi
187 849 279 935 copia
291 846 391 930 fieret,
414 847 521 911 omnia
542 855 745 912 conventura.
777 847 899 911 Rursus
913 847 1107 932 imperator³

124 943 236 1000 contra
256 931 416 1021 postulata
435 931 556 998 Bocchi
578 935 706 998 nuntios
728 933 840 1015 mittit;
871 932 926 998 ille
948 933 1083 1019 probare

121 1021 257 1108 partim,
285 1019 349 1083 alia
380 1019 530 1086 abnuere.
574 1019 624 1085 Eo
651 1019 746 1084 modo
768 1040 864 1106 saepe
886 1019 926 1084 ab
948 1028 1082 1106 utroque

75 1108 230 1182 somissis
252 1107 456 1191 remissisque
477 1107 597 1170 nuntiis
619 1116 744 1192 tempus
766 1104 956 1193 procedere,
987 1115 1019 1169 et
1041 1127 1083 1169 ex

121 1191 248 1258 Metelli
267 1191 431 1256 voluntate
453 1191 573 1257 bellum
594 1194 747 1257 intactum
769 1190 861 1257 trahi.

208 1278 253 1344 At
277 1277 414 1360 Marius,
451 1288 486 1342 ut
515 1301 611 1366 supra
645 1279 800 1362 diximus,
835 1279 1128 1365 cupientissuma&

144 1365 218 1431 lebe
239 1363 351 1429 consul
373 1364 491 1447 factus,
513 1384 681 1451 postquam
704 1367 734 1430 ei
754 1367 952 1451 provinciam
972 1365 1081 1430 Numi-

119 1390 209 1517 diam
235 1450 371 1537 populus
400 1452 509 1535 iussit,
540 1461 634 1516 antea
662 1455 726 1518 iam
754 1453 887 1517 infestus
913 1451 1081 1535 nobilitati,

76 1549 190 1611 retum
210 1559 288 1602 vcro
310 1536 427 1602 multus
450 1546 545 1625 atque
560 1537 651 1602 ferox
665 1541 794 1623 instare,
817 1539 958 1627 singulos
976 1539 1081 1622 modo,

121 1625 216 1691 modo
238 1626 405 1690 univorsos
428 1624 569 1690 laedere:
593 1624 754 1709 dictitare,
783 1647 853 1692 sese
884 1625 1082 1692 consulatum

120 1735 164 1778 ex
177 1711 273 1776 vietis
287 1710 351 1775 illis
367 1710 469 1798 spolia
487 1713 620 1798 cepisse,
643 1712 706 1778 alia
726 1721 892 1798 praeterea
913 1711 1083 1798 magnifica

120 1820 179 1886 pro
210 1819 245 1863 se
272 1807 304 1862 et
332 1797 396 1862 illis
426 1797 575 1864 dolentia.
618 1799 750 1863 Interim
780 1821 861 1885 quae
889 1799 976 1865 bello
1002 1811 1106 1884 opust

121 1896 213 1950 erant
240 1886 343 1972 prima
379 1883 516 1950 habere:
549 1885 710 1972 postulare
743 1885 921 1971 legionibus
955 1883 1080 1970 supple-

74 1999 109 2047 20
119 1980 277 2054 mentum,
318 1971 438 2036 auxilia
474 1994 494 2035 a
532 1971 659 2058 populis
698 1980 729 2036 et
760 1970 889 2058 regibus
924 1972 1081 2057 sociisque

119 2078 292 2141 arcessere,
314 2067 480 2144 praeterea
502 2080 544 2122 ex
561 2058 653 2125 Latio
676 2058 892 2124 fortissumum
915 2080 1080 2144 quemque,

119 2145 289 2233 plerosque
311 2143 452 2227 militiae,
474 2166 594 2230 paucos
624 2144 709 2210 fama
736 2145 879 2230 cognitos
901 2145 1022 2228 accire,
1050 2154 1079 2208 et

119 2231 291 2296 ambiundo
315 2252 429 2316 cogere
452 2231 596 2296 homines
619 2231 758 2296 emeritis
782 2230 946 2316 stipendiis
973 2253 1081 2296 secum

119 2317 289 2404 proficisci.
333 2318 445 2404 Neque
467 2316 516 2382 illi
539 2326 683 2402 senatus,
717 2314 905 2406 ¹usmquam
927 2316 1103 2384 adversust

74 2413 196 2488 serrat,
220 2404 260 2470 de
281 2403 347 2469 ullo
369 2405 497 2489 negotio
521 2404 660 2469 abnuere
675 2339 828 2487 audebas
852 2412 994 2470 ceterum
1008 2426 1045 2469 su
1068 2443 1080 2454 -

119 2490 316 2578 plementum
331 2492 426 2556 etiam
441 2490 543 2556 laetus
560 2491 756 2575 decreverat,
780 2492 854 2578 quia
874 2513 979 2640 noque
993 2428 1081 2577 plebi

117 2577 232 2642 militia
260 2576 382 2642 volenti
407 2577 594 2663 putabatur,
618 2586 650 2643 et
669 2577 790 2642 Marius
812 2585 867 2642 sut
888 2577 967 2642 beli
987 2600 1079 2642 usum

120 2673 174 2729 aut
207 2663 312 2728 studia
343 2663 431 2813 volqi
464 2665 646 2729 amissurus.
701 2663 767 2728 Sed
799 2685 838 2728 ea
877 2685 929 2728 res
964 2663 1081 2729 frustra

91 2821 93 2826 ,
119 2759 262 2838 sperata:
290 2759 378 2814 tanta
418 2749 515 2816 ubido
546 2773 618 2815 oum
651 2749 752 2816 Mario
783 2749 879 2815 eundi
910 2748 1080 2837 plerosque

77 2839 289 2904 soinvaserat.
340 2835 419 2901 Sese
454 2837 587 2925 quisque
621 2836 742 2923 praeda
774 2835 966 2922 locupletem
1001 2836 1078 2918 fore,

117 2926 273 2989 victorem
302 2921 431 2987 domum
452 2923 644 3006 rediturum,
667 2923 730 2988 alia
750 2922 882 2988 huiusce
904 2921 992 2986 modi
1013 2923 1078 2987 ani·

103 3012 179 3082 mis
209 3008 393 3093 trahebant,
423 3017 455 3074 et
482 3032 537 3076 eos
565 3031 631 3076 non
666 3009 808 3096 paullum
845 3009 988 3075 oratione
1021 3029 1081 3073 sua

118 3097 238 3162 Marius
268 3103 440 3161 arrexerat.
484 3095 566 3161 Nam
598 3105 783 3184 postquam,
817 3094 964 3160 omnibus
999 3111 1103 3183 queso

118 3182 335 3272 postulaverat
357 3182 504 3266 decretis,
527 3181 645 3248 milites
668 3182 807 3248 scribere
828 3179 905 3265 volt,
932 3180 1079 3246 hortandi

79 3291 110 3342 ³5
120 3291 235 3337 caussa
263 3267 358 3334 simul
388 3277 420 3334 et
451 3268 651 3335 nobilitatem
671 3307 715 3318 -
735 3269 783 3333 uti
806 3276 1015 3334 consueverat
1036 3304 1079 3318 -

119 3379 161 3423 ex
214 3354 313 3440 tandi
336 3355 518 3422 contionem
546 3355 658 3444 populi
687 3355 865 3442 advocavit,
888 3353 1004 3420 deinde
1017 3353 1079 3426 hoo

118 3465 152 3514 m
194 3441 401 3512 edisseruit:
