2502 3968
233 257 239 264 ·
319 341 324 347 ⁶
417 253 645 320 Novanus
668 253 764 318 ι-ε
1025 253 1063 316 s1

97 427 267 578 adpetens
281 427 402 514 gloriae
416 427 571 509 militaris,
594 428 703 492 statusit
717 448 790 491 eum
804 424 963 492 obiectare
981 425 1065 512 peri·

99 537 150 577 cu
168 515 194 578 's
217 523 249 580 et
270 537 309 580 eo
331 513 425 580 modo
447 512 606 578 fortunam
626 513 790 599 temptare.

175 599 277 686 Igitur
297 599 383 665 bello
403 598 596 664 Numantino
617 599 752 685 Micipsa
771 619 844 664 cum
864 596 982 685 populo
1004 597 1087 668 Rau

98 707 207 750 mano
230 707 248 750 e
269 687 369 751 uitum
391 693 486 772 atque
507 685 649 771 peditum
671 683 791 748 auxilia
811 684 966 766 mitteret,
996 705 1065 784 spe·

70 793 187 841 arans
216 708 269 836 vel
298 771 484 838 ostentando
512 772 661 836 virtutem
688 770 742 835 vel
770 770 909 834 bostium
935 770 1066 834 saemtia

99 855 208 921 facile
236 879 309 922 eum
336 879 538 940 occasurum,
571 856 723 943 praefecit
750 855 897 920 Numidis
926 856 1066 943 quasin

97 943 302 1028 Hispaniam
315 942 468 1008 mittebat.
501 941 620 1008 Sedes
639 965 691 1006 res
713 942 808 1027 longe
822 941 914 1007 aliter
928 963 967 1006 ac
979 950 1090 1012 retusa

99 1036 181 1092 erat
203 1031 318 1093 evenit.
361 1028 443 1092 Nam
464 1025 632 1112 Iugurtha,
662 1037 697 1093 ut
726 1036 794 1094 erat
821 1027 945 1129 inpigro
972 1035 1089 1112 atques

106 1115 180 1178 acri
202 1115 344 1199 ingenio,
365 1113 422 1178 ubi
441 1123 587 1178 naamam
606 1113 701 1178 Publi
722 1111 894 1201 Scipioms,
925 1114 979 1200 qui
999 1121 1066 1178 tum

57 1225 92 1276 10
103 1200 263 1264 Romanis
278 1201 449 1286 imperator
471 1209 547 1282 erat,
570 1208 602 1263 et
621 1221 742 1266 morem
755 1198 894 1264 hostium
909 1200 1065 1300 cognovit,

104 1285 211 1352 mnlto
234 1285 342 1350 labore
357 1284 520 1434 multatpre
541 1307 625 1368 cura,
647 1294 812 1386 praeterea
825 1284 1066 1386 modestrssume

105 1370 1066 1543 tffitattttttttttttdttttltttlttt

107 1566 219 1625 carus,
240 1544 441 1608 Numantinis
463 1565 612 1607 maxumo
635 1544 747 1608 terrori
770 1552 862 1608 esset
906 1541 957 1607 Ac
979 1563 1089 1624 sanas

1 1667 2 1716 ι
58 1651 95 1700 15
108 1629 197 1716 quod
218 1629 448 1694 difficillumum
468 1628 503 1692 in
523 1629 633 1715 primis
649 1638 705 1710 est,
728 1637 760 1693 et
780 1627 901 1715 proelio
922 1638 1066 1694 strenuus

0 1750 1 1769 ι
107 1723 180 1780 erat
209 1724 240 1779 ct
268 1714 370 1780 bonus
398 1714 547 1798 consilio,
578 1737 711 1802 quorum
738 1714 872 1780 alterum
893 1736 936 1781 ex
959 1717 1066 1816 provi·

0 1778 3 1926 l
107 1801 220 1866 dentis
251 1801 414 1884 timorem,
447 1800 583 1866 alterum
617 1823 659 1866 ex
693 1801 826 1866 audacia
856 1810 1067 1866 temeritatem

0 1947 1 1960 ,
107 1887 235 1952 adferre
256 1885 443 1974 plerumque
464 1885 553 1952 solet
583 1885 684 1973 Igitur
697 1889 867 1974 imperator
882 1887 983 1951 omnis
997 1886 1086 1961 feres

0 1975 3 2083 l
105 1995 161 2040 res
184 1994 313 2060 asperas
334 1994 393 2060 per
413 1972 599 2058 Iugurtham
620 1995 725 2058 agere,
748 1975 781 2036 in
803 1973 913 2037 amicis
935 1971 1063 2053 habere,
1180 2019 1181 2024 ι

0 2086 1 2119 ι
60 2061 212 2146 somogia
233 2059 399 2160 magisque
422 2081 494 2123 eum
515 2061 559 2160 in·
571 2059 639 2122 dies
655 2056 819 2145 amplecti,
842 2059 959 2208 fflpe
974 2058 1064 2122 cuius

106 2143 899 2316 ifsidldcddddllibllmmiiiilideriliieldiriuffiiudltuidgem
913 2151 1088 2312 dltlleerrtige

108 2319 180 2405 quis
201 2316 296 2382 rebus
319 2317 380 2381 sibi
401 2316 517 2382 multos
539 2339 581 2381 ex
601 2315 752 2382 Romanis
766 2315 914 2380 familiari
927 2315 1066 2381 amicitia

108 2404 326 2468 coniunxerat
362 2403 413 2468 Ea
426 2411 614 2491 tempestate
635 2402 670 2466 in
691 2403 833 2467 exercitu
854 2410 962 2468 nostro
976 2401 1092 2488 fuereg

63 2511 97 2560 25
108 2488 277 2574 conplures
304 2490 380 2553 novi
402 2497 496 2576 atque
517 2488 658 2571 nobiles,
687 2487 800 2590 quibus
822 2489 951 2554 divitiae
979 2487 1063 2555 bono

106 2575 305 2662 honestoque
333 2576 471 2660 potiores
502 2584 607 2659 erant,
635 2575 760 2640 factmsi
788 2574 889 2660 domi,
919 2585 1062 2663 potentes

108 2660 194 2747 apud
209 2661 321 2744 socios,
345 2660 423 2724 clari
437 2663 539 2746 magis
555 2683 651 2748 quam
665 2661 799 2744 honesti,
823 2662 878 2748 qui
891 2661 1062 2747 Iuguuthae

107 2768 173 2812 non
198 2747 394 2824 mediocrem
423 2749 563 2811 animum
597 2745 803 2834 pollicitando
839 2746 1063 2829 accendebant,

108 2833 143 2896 si
164 2833 300 2919 Micipsa
321 2855 380 2897 rex
412 2833 597 2917 occidisset,
627 2831 709 2916 fore,
739 2835 787 2897 uti
817 2833 903 2898 solus
931 2832 1064 2918 imperio

66 2943 98 2995 30
107 2919 276 2984 Numidiae
312 2918 482 3005 potiretur:
519 2921 554 2982 in
586 2921 656 3005 ipso
687 2941 872 2984 maxumam
903 2920 1063 3003 virtutem,

0 2995 1 3050 Ὗ
106 3005 227 3070 Romae
250 3006 356 3070 omnia
377 3004 504 3069 venalia
526 3027 605 3069 esse.
647 3001 718 3070 Sed.
737 3013 906 3091 postquam
925 3002 1089 3078 Numan-2

0 3161 1 3172 ,
106 3093 152 3156 tia
181 3089 285 3155 deleta
312 3089 445 3156 Publius
475 3090 582 3178 Scipio
612 3090 770 3155 dimittere
798 3088 917 3152 auxilia
943 3097 975 3153 et
995 3091 1064 3176 ipse

0 3195 1 3244 7
105 3177 226 3244 revorti
247 3175 377 3241 domum
407 3176 565 3260 decrevit,
600 3177 749 3242 donatum
778 3184 873 3262 atque
902 3174 1065 3240 laudatum

107 3261 274 3349 magnifice
295 3285 354 3349 pro
377 3264 524 3328 contione
542 3263 727 3348 Iugmtham
748 3263 782 3325 in
795 3263 991 3348 praetorium
1010 3260 1064 3325 ab·

0 3357 1 3402 ;
67 3369 97 3421 aa
107 3349 199 3414 duxit
218 3349 327 3436 ibique
349 3359 471 3414 secreto
493 3351 625 3432 monuit,
647 3349 693 3412 uti
707 3347 812 3433 potius
826 3346 954 3434 publice
969 3369 1065 3435 quum

0 3433 1 3483 f
128 3436 257 3501 rivatim
280 3436 452 3500 amicitiam
473 3435 583 3521 populi
597 3435 732 3499 Romani
755 3432 889 3517 coleret,
911 3455 975 3498 nen
997 3435 1064 3521 qui·

0 3550 1 3563 ¹
105 3459 167 3588 bus
181 3521 291 3608 largiri
305 3521 515 3586 insuesceret:
538 3518 715 3608 periculose
738 3520 960 3671 spaucippemi
979 3519 1064 3607 quod
