2502 3968
130 292 194 342 XIV

131 463 285 560 tellegas
312 474 398 537 ante
426 463 652 554 cedentibus,
688 474 730 537 ut
756 462 903 534 animus
929 465 1158 559 incorruptas

131 584 276 658 dicatur
303 582 602 681 quandoquidem
630 591 818 655 senectute
845 579 943 652 vires
971 579 1048 653 eius
1074 606 1154 654 non

131 704 345 779 hebescant.
392 701 447 777 Of.
477 728 573 801 quae
600 701 785 801 disputavi
810 702 849 774 in
876 699 998 774 annal.
1026 727 1157 801 gymn.

130 822 256 898 Austr.
277 849 310 897 a.
333 825 430 896 1853
451 850 487 921 p.
514 826 587 896 868
616 848 696 920 sqq.
726 827 849 919 Atque
875 821 915 894 in
939 821 1158 894 universum

131 943 213 1042 ipsa
242 941 491 1040 distinguendi
517 941 661 1016 ratione
688 943 808 1040 quoad
837 941 914 1014 eius
932 941 1012 1014 fieri
1029 951 1158 1038 posset

130 1064 167 1137 id
194 1063 346 1162 adsequi
373 1063 510 1159 studui,
538 1074 582 1137 ut
606 1063 739 1136 eximia
758 1060 1003 1136 Sallustianae
1030 1059 1157 1133 aetatis
1247 1154 1249 1175 γ

133 1209 193 1257 ars
227 1183 265 1256 in
300 1182 455 1282 singulis
484 1183 750 1280 coniungendis
778 1183 1009 1281 opponendis
1037 1179 1158 1254 distri·
1248 1183 1249 1268 l

131 1303 288 1377 buendis
314 1303 454 1402 posita,
493 1313 680 1402 postremo
717 1302 981 1375 sententiarum
1009 1301 1156 1400 partitio

131 1436 243 1521 atque
271 1433 462 1496 contextus
492 1449 604 1520 quam
630 1448 802 1496 maxume
829 1420 1082 1510 inlustrantur,
1112 1444 1157 1494 ea
1248 1435 1249 1498 ἶ

131 1545 206 1616 sere
232 1543 373 1616 ratione
400 1568 512 1640 quam
546 1543 709 1617 indicavi
734 1542 774 1615 in
802 1567 955 1616 censura
982 1541 1153 1615 editionis

129 1661 370 1737 Iacobsianae
403 1662 539 1761 prioris
573 1663 769 1736 annalibus
804 1688 930 1760 gymn.
958 1660 1083 1735 Austr.
1120 1687 1154 1734 a.

135 1784 233 1856 1855
261 1808 298 1880 p.
329 1785 376 1854 38
397 1807 477 1879 sqq.
496 1782 644 1877 inserta,
674 1783 737 1856 ubi
758 1779 804 1853 de
823 1782 1043 1879 quibusdam
1062 1780 1155 1856 locis
1248 1791 1249 1800 ’

132 1901 257 2001 quales
276 1916 363 1976 sunt
382 1899 460 1976 Oat.
482 1906 516 1994 3,
546 1907 587 1995 3;
618 1907 677 1994 14,
707 1906 729 1975 3
757 1913 823 1976 etc.
853 1901 960 2000 plura
987 1902 1150 2000 exposui.
1248 1981 1249 1998 ,

131 2020 185 2097 Os.
223 2023 254 2096 si
288 2021 382 2095 tanti
409 2032 464 2096 est
491 2021 570 2102 Cat.
604 2025 661 2119 12,
693 2030 734 2116 13
770 2026 830 2115 27,
859 2025 902 2116 23
938 2025 998 2118 29,
1028 2026 1050 2096 8
1080 2022 1154 2124 (vg.

132 2147 193 2236 31,
224 2145 280 2243 1);
310 2147 370 2237 37,
402 2148 420 2214 1
446 2169 539 2240 sqq,
568 2143 638 2217 alia
664 2143 703 2217 id
730 2169 856 2241 genus.
884 2187 935 2198 -
960 2141 1157 2216 Praeterea

130 2289 208 2337 non
234 2262 350 2360 ipsius
383 2274 528 2336 tantum
564 2263 785 2338 narrationis
822 2274 1048 2351 contextum,
1091 2264 1153 2335 sed
1248 2265 1249 2268 ’

131 2381 315 2457 orationes
356 2407 504 2480 quoque
544 2394 580 2456 et
623 2383 795 2482 epistulas
836 2408 880 2457 ex
919 2383 1155 2480 antiquorum
1248 2369 1249 2374 ἵ

129 2527 234 2576 more
260 2501 497 2602 interpositas
525 2502 574 2576 ita
601 2503 763 2578 incidere
789 2513 900 2601 atque
933 2502 1157 2599 distinguere

132 2634 286 2698 conatus
313 2650 414 2711 sum,
461 2633 502 2696 ut
534 2623 614 2722 ipsa
649 2623 829 2697 sententia
862 2622 1029 2720 flagitare
1055 2621 1156 2695 vide-
1248 2725 1249 2728 Ἴ

129 2743 250 2817 batur.
280 2744 432 2843 Vulgati
460 2744 622 2843 capitum
649 2769 759 2842 saepe
796 2742 884 2816 satis
919 2740 1155 2816 incommode

131 2863 393 2961 dispositorum
432 2866 574 2938 numeri
613 2863 652 2936 in
690 2863 858 2961 margine
899 2864 1016 2936 notati
1055 2871 1153 2956 sunt,

131 2984 193 3056 sed
215 2981 319 3056 uncis
338 2981 463 3080 saepti,
482 2982 548 3057 ubi
566 2982 655 3080 quid
674 2982 746 3055 hac
762 2982 803 3054 in
819 3007 859 3054 re
877 2994 1058 3056 novatum
1087 2995 1152 3059 est.

205 3102 373 3201 Denique
400 3103 815 3201 orthographiam,
843 3115 886 3177 ut
907 3129 976 3201 par
994 3115 1060 3195 est,
1088 3131 1154 3180 no-

130 3221 233 3296 viciis
261 3223 431 3324 sordibus
460 3223 600 3298 reiectis
628 3224 676 3298 ad
703 3249 802 3317 eam,
845 3233 1026 3321 quantum
1054 3250 1154 3299 com·

128 3341 239 3416 mode
263 3342 343 3417 fieri
375 3342 513 3441 potuit,
548 3342 730 3417 rationem
764 3342 1048 3417 adcommodare
1076 3356 1153 3419 stu·
1248 3343 1249 3350 '

130 3460 206 3549 dui,
233 3488 328 3560 quae
356 3461 597 3537 Sallustianae
624 3463 753 3537 aetatis
780 3464 929 3562 propria
956 3464 1035 3561 fuit,
1064 3490 1154 3562 qua-
