2502 3968
237 261 278 326 rr
392 205 399 288 Ῑ
531 259 738 328 onmma
761 259 898 326 1e-1s

236 439 364 497 senatus
385 428 466 497 nibil
488 453 565 498 sane
587 433 743 500 intentus:
765 441 852 499 tutae
866 433 1121 525 tranquillaeque
1143 455 1198 500 res

234 541 360 602 omnes,
383 518 441 583 sed
463 540 502 583 ea
522 541 652 606 prorsus
675 543 693 586 o
717 529 829 586 ortuna
851 519 1017 588 Catilinae.

186 621 222 677 u
297 604 399 690 Igitur
428 605 554 669 circiter
581 606 687 672 Kalen
773 606 898 691 Iunias,
927 608 1028 675 Lucio
1057 603 1198 672 Caesare

234 699 265 754 et
287 689 368 756 Gaio
382 689 497 776 Figulo
513 693 712 776 consulibus,
735 693 837 780 primo
860 693 1001 780 singulos
1017 691 1197 779 adpellare:

232 775 351 841 hortari
373 775 468 861 alios,
491 777 571 844 blios
593 788 765 866 temptare,
794 801 870 866 opes
898 803 987 864 suas,
1018 779 1221 865 inparatam

232 885 301 927 rem
321 861 498 949 publicam,
521 887 639 951 magna
658 864 801 952 praemia
823 866 1047 933 coniurationis
1070 863 1197 931 docere.

207 943 298 1016 eri
320 950 396 1013 satis
418 948 584 1036 explorata
606 961 679 1016 sunt
694 973 775 1039 quae
789 951 908 1036 voluit,
930 954 965 1017 in
978 973 1077 1016 unum
1093 951 1197 1015 omnis

233 1043 404 1118 convocat,
427 1036 542 1123 quibus
565 1060 716 1102 maxuma
737 1038 937 1103 necessitudo
961 1048 992 1104 et
1014 1036 1198 1126 plurumum

207 1119 384 1188 saudaciae
406 1122 518 1187 inerat.
551 1121 602 1189 Eo
626 1145 804 1189 convenere
826 1125 977 1190 senatorii
999 1123 1118 1189 ordinis
1133 1120 1197 1186 Pu-

231 1204 315 1270 blius
337 1207 493 1272 Lentulus
508 1209 601 1294 Sura,
623 1210 756 1275 Publius
771 1209 954 1293 Autronius,
977 1209 1095 1275 Lucius
1118 1207 1197 1272 Cas·
1211 1227 1234 1277 u

231 1293 296 1357 sius
317 1292 366 1358 Lo
412 1295 420 1310 ’
444 1316 499 1378 us,
523 1295 623 1361 Gaius
646 1295 822 1382 Cethegus,
851 1295 984 1361 Publius
1012 1305 1043 1360 et
1065 1293 1198 1360 Servius

231 1317 473 1461 SullamnCdnrvi
493 1380 559 1468 filii,
580 1381 697 1446 Lucius
718 1382 949 1468 Vargunteius,
973 1381 1110 1461 Quintus
1130 1378 1197 1443 An-

230 1465 324 1547 nius,
346 1463 473 1530 Marcus
495 1466 628 1532 Porcius
650 1468 753 1550 Leca,
776 1468 894 1532 Lucius
909 1468 1035 1550 Bestia,
1090 1465 1198 1530 uintus

206 1549 366 1635 aCurius3
388 1560 555 1638 praeterea
570 1575 612 1618 ex
628 1555 768 1642 equestri
788 1552 898 1618 ordine
919 1553 1047 1618 Marcus
1124 1553 1198 1617 vius

230 1635 389 1720 Nobilior,
411 1637 531 1703 Lucius
554 1637 714 1724 Statilius,
735 1638 868 1704 Publius
892 1637 1047 1704 Gabinius
1071 1636 1196 1723 Capito,
1209 1654 1237 1705 lo

231 1721 330 1787 Gaius
354 1723 539 1809 Cornelius3
563 1725 687 1791 adhoc
709 1725 800 1790 multi
822 1748 864 1788 ex
886 1724 1018 1790 coloniis
1041 1733 1073 1788 et
1094 1725 1197 1788 muni-

205 1809 338 1896 ooipiis,
377 1809 464 1875 domi
497 1811 632 1876 nobiles.
686 1812 786 1876 Erant
822 1820 989 1898 praeterea
1027 1809 1197 1896 conplures

229 1894 336 1982 paullo
368 1893 522 1961 occultius
555 1896 668 1962 consili
695 1897 828 1962 huiusce
857 1899 1028 1984 participes
1060 1894 1197 1979 nobiles,
1241 1891 1242 1955 l

230 2003 309 2070 quos
331 1983 434 2070 magis
457 1981 680 2048 dominationis
704 2006 777 2070 spes
799 1983 985 2049 hortabatur
1007 2005 1101 2070 quam
1128 1983 1198 2046 ino-

204 2070 283 2154 tpia
312 2079 366 2134 aut
393 2069 502 2160 aliqua
527 2070 740 2135 necessitudo.
783 2069 932 2134 Ceterum
960 2071 1108 2135 iuventus
1129 2066 1234 2161 ple-to

229 2177 336 2241 raque,
360 2155 418 2221 sed
431 2179 582 2222 maxume
597 2156 761 2239 nobilium,
785 2155 941 2221 Catilinae
956 2155 1090 2244 inceptis
1110 2152 1198 2219 fave·

229 2241 301 2324 bat;
324 2242 438 2328 quibus
460 2244 494 2308 in
517 2244 580 2325 otio
602 2243 656 2309 vel
671 2241 838 2330 magnifice
860 2241 914 2307 vel
928 2241 1066 2306 molliter
1086 2242 1198 2306 vivere
1240 2311 1241 2330 ἢ

230 2327 322 2414 copia
344 2337 428 2413 erat,
457 2330 580 2394 incerta
601 2352 659 2416 pro
683 2329 794 2412 certis,
823 2327 944 2392 bellum
968 2351 1062 2414 quam
1083 2349 1198 2417 pacem
1240 2331 1241 2376 l

205 2411 399 2480 tmalebant.
443 2413 549 2479 Fuere
572 2417 649 2479 item
673 2437 712 2479 ea
732 2422 919 2501 tempestate
950 2414 1003 2499 qui
1031 2411 1198 2479 crederent

228 2497 372 2563 Marcum
393 2499 554 2564 Licinium
577 2499 730 2566 Crassum
758 2523 823 2566 non
849 2501 995 2586 ignarum
1026 2499 1093 2562 eius
1124 2513 1233 2565 con-25

229 2583 281 2648 sili
301 2583 416 2670 suisse;
440 2587 515 2672 quia
537 2585 668 2653 Gnaeus
689 2587 860 2674 Pompeius
883 2585 1004 2650 invisus
1025 2585 1088 2672 ipsi
1110 2607 1196 2670 mag-

229 2693 305 2734 num
316 2672 492 2736 exercitum
503 2672 665 2757 ductabat,
682 2673 821 2738 cuiusvis
838 2695 915 2758 opes
930 2669 1071 2736 voluisse
1087 2681 1198 2735 contra

228 2756 314 2824 illius
336 2759 510 2844 potentiam
534 2783 689 2842 crescere,
713 2759 808 2824 simul
830 2758 1000 2839 confisum,
1031 2757 1059 2820 si
1089 2757 1196 2823 coniu-

229 2843 309 2908 ratio
335 2843 504 2929 valuisset,
534 2847 632 2912 facile
659 2845 746 2932 apud
766 2844 838 2910 illos
860 2844 1037 2930 principem
1060 2864 1095 2908 se
1117 2842 1195 2908 fore.

183 2946 219 3001 18
294 2929 359 2995 Sed
388 2939 482 2995 antea
516 2932 594 2998 item
628 2933 834 2997 coniuravere
864 2929 959 3015 pauci
988 2937 1099 2992 contra
1129 2931 1240 3002 remeo}

204 3015 406 3101 apublieam,
439 3017 473 3080 in
503 3019 619 3105 quibus
651 3016 789 3083 Catilina
819 3015 895 3099 fuit3
930 3014 970 3078 de
1005 3036 1069 3102 qua
1100 3035 1196 3102 quam

228 3103 404 3168 verissume
443 3111 531 3168 otero
548 3104 663 3169 dicam.
685 3103 786 3168 Lucio
798 3101 893 3167 Tullo
906 3108 937 3164 et
947 3099 1055 3164 Manio
1071 3099 1195 3187 Lepido

229 3187 412 3253 consulibus
454 3185 561 3254 ublius
576 3189 752 3256 Autronius
775 3197 807 3253 et
820 3186 953 3252 Publius
969 3183 1068 3268 Sulla,
1092 3185 1196 3272 desig·

229 3275 295 3339 nati
324 3275 488 3360 consules,
527 3274 652 3363 legibus
684 3273 820 3340 ambitus
853 3272 1039 3372 interrogati
1075 3294 1197 3358 poenas

204 3358 391 3429 edederunt.
442 3361 520 3428 Post
547 3361 655 3447 paullo
687 3359 841 3443 Catilina,
870 3378 1077 3444 pecumarum
1105 3359 1239 3445 repe-³5³

229 3445 397 3510 turdarum
419 3469 510 3531 reus,
541 3446 721 3534 prohibitus
752 3455 820 3510 erat
850 3439 1047 3511 consulatum
1076 3453 1197 3529 petere,

203 3530 315 3606 equod
337 3531 420 3596 intra
441 3532 610 3618 legitumos
633 3531 701 3598 dies
725 3531 866 3601 orofiteri
888 3528 1083 3618 nequiverat.
1118 3527 1199 3594 Erat
