2502 3968
196 201 239 268 44
492 196 698 266 CATILINA
720 197 852 262 60-61

171 378 277 454 stunt,
299 368 413 456 gladiis
434 390 486 435 rer
509 371 638 454 geritur.
674 368 835 452 Veterani,
857 376 1008 454 pristinae
1027 369 1156 434 virtutis

197 477 352 522 memores
360 503 374 539 ,2
393 457 567 520 comminus
591 455 704 520 aeriter
725 455 861 537 instare,
883 453 931 518 illi
952 453 1038 518 haud
1051 455 1156 520 timidi

171 543 364 614 erasistunt:
389 561 540 604 maxuma
559 540 594 604 vi
608 547 754 604 certatur.
784 537 912 604 Interea
926 538 1065 605 Catilina
1082 563 1156 608 eum

197 625 356 714 expeditis
385 626 420 690 in
448 625 552 712 prima
580 626 648 690 aoie
669 625 809 711 versari,
839 624 1055 691 laborantibus
1084 649 1156 692 sue·

90 779 94 787 ,
196 734 340 796 currere,
362 711 504 796 integros
525 732 583 797 pro
606 711 721 775 sauciis
745 731 925 796 assensere,
953 713 1060 776 omnia
1079 733 1180 800 pro-s

195 799 320 882 vider03
342 795 477 862 multum
498 797 567 882 ipse
588 819 745 898 pugnare,
773 819 869 883 saepe
895 797 1018 862 hostem
1039 797 1154 863 ferire:

195 884 316 949 strenui
337 881 447 948 militis
470 889 502 946 et
522 881 600 948 bom
620 883 818 968 imperatoris
842 881 947 948 officia
961 881 1057 947 simul
1077 905 1154 949 exe-

170 969 359 1056 5quebatur.
404 967 549 1034 Petreius
571 967 627 1032 ubi
647 968 735 1034 videt
758 966 945 1054 Catilinam,
976 977 1086 1033 contra
1114 993 1154 1034 ao

193 1063 281 1120 ratus
303 1062 371 1120 erat
378 1103 390 1138 ‚‚
409 1076 526 1140 magna
547 1054 581 1118 vi
602 1053 748 1137 tendere,
778 1053 939 1119 eohortem
959 1056 1154 1140 praetoriam

193 1141 228 1205 in
256 1139 378 1205 medios
404 1139 505 1206 hostis
531 1138 653 1203 inducit
682 1161 799 1226 eosque
827 1139 1028 1241 perturbatos
1055 1149 1194 1228 atquem

193 1225 273 1291 alios
295 1225 373 1291 alibi
392 1227 570 1290 resistentis
592 1223 757 1310 interficit3
786 1224 901 1290 demde
927 1227 1085 1312 utrimque
1108 1249 1152 1291 ex

168 1310 345 1390 elateribus
369 1319 491 1376 eeteros
513 1310 704 1396 adgreditur.
738 1309 877 1377 Manlius
900 1319 931 1376 et
952 1310 1150 1377 Faesulanus

167 1399 226 1474 sin
247 1398 357 1483 primis
373 1405 551 1482 pugnantes
568 1395 698 1460 eadunt:
722 1394 860 1462 Catilina
896 1405 1042 1485 pstquam
1062 1397 1150 1462 fimas

192 1483 300 1569 sepias
322 1503 419 1568 seque
442 1504 514 1547 oum
536 1483 645 1568 paucis
666 1481 813 1548 relictum
833 1419 938 1566 videt,
959 1505 1081 1548 memor
1095 1506 1150 1570 ge·

190 1569 276 1634 neris
298 1575 393 1654 atque
414 1567 567 1652 pristinae
595 1590 670 1649 suae
696 1567 859 1654 dignitatis
887 1569 922 1631 in
948 1567 1193 1639 confertissu-ts

191 1674 260 1718 mos
282 1652 382 1717 hostis
403 1653 536 1718 incurrit
556 1652 663 1740 ibique
684 1675 830 1740 pugnans
853 1653 1039 1718 confoditur.

139 1748 179 1808 01
254 1736 321 1804 Sed
342 1737 485 1803 oonseeto
507 1738 642 1825 proelio,
664 1747 732 1804 tum
745 1760 822 1804 vero
846 1760 1008 1823 cerneres,
1031 1748 1150 1826 quanta
1237 1795 1238 1826 p

192 1824 327 1894 sunda
347 1833 527 1912 quantaque
547 1825 597 1890 vis
619 1825 717 1889 animi
730 1824 842 1890 i'uisset
855 1825 890 1890 in
905 1827 1047 1890 exercitu
1063 1823 1148 1891 Cati-

165 1910 284 1978 llinae.
306 1909 391 1980 Nam
405 1910 480 1994 fere,
497 1932 590 1996 quem
605 1911 738 2010 quisque
749 1913 842 1976 vivus
856 1910 1026 1998 pugnando
1042 1911 1149 1978 locum
1237 1923 1238 1980 l

165 2005 333 2084 eoepsrat,
356 2019 429 2064 eum
451 1998 568 2062 amissa
589 2018 695 2060 amma
716 2018 848 2084 corpore
869 1996 1007 2082 tegebat.
1047 1997 1191 2072 Pausiae
1237 1993 1238 2084 l

190 2092 306 2167 autem,
323 2104 403 2170 quos
418 2082 539 2148 medios
551 2082 663 2147 cohors
674 2083 833 2168 praetoria
848 2082 1023 2165 disiecerat,
1037 2082 1147 2170 paullo

190 2167 363 2254 diversius,
386 2167 444 2234 sed
466 2189 574 2234 omnes
596 2177 703 2233 tamen
717 2167 860 2234 advorsis
874 2167 1057 2234 volneribus
1073 2191 1147 2234 eon·

164 2254 341 2320 sciderant.
387 2252 524 2320 Catilina
543 2275 621 2320 vero
642 2253 738 2339 longe
760 2276 780 2317 a
801 2255 866 2318 suis
895 2254 978 2320 inter
1006 2254 1147 2321 hostium

189 2338 345 2404 cadavera
364 2348 509 2424 repertus
532 2348 596 2422 est,
618 2337 795 2425 paullulum
810 2341 904 2406 etiam
919 2341 1043 2428 spirans
1064 2339 1146 2406 fero·

190 2425 334 2510 oiamque
355 2426 469 2506 enimi,
494 2446 587 2510 quam
607 2423 762 2489 habuerat
783 2425 890 2508 vivus,
912 2425 947 2490 in
966 2425 1057 2492 voltu
1070 2427 1145 2491 reti·
1154 2448 1188 2499 25

164 2524 278 2574 tnens.
321 2508 486 2574 Postremo
516 2531 558 2574 ex
587 2511 673 2574 omni
701 2511 794 2613 oppia
821 2532 925 2599 neque
956 2513 991 2576 in
1021 2510 1143 2598 proelio

188 2615 292 2681 neque
314 2595 349 2659 in
369 2593 446 2680 lbga
472 2595 638 2744 ‹puisquam
664 2595 744 2662 eims
765 2619 922 2682 ingenuus
944 2605 1054 2684 eaptus
1076 2605 1143 2662 est:

164 2682 234 2747 tita
255 2680 362 2746 eunoti
381 2702 458 2748 suae
504 2690 680 2768 ostrumque
700 2683 786 2750 vitae
807 2682 898 2748 iuxta
925 2690 1143 2770 pepercerant

163 2765 298 2852 tNeque
326 2774 434 2832 tamen
463 2767 620 2834 exereitus
645 2767 756 2855 populi
782 2768 917 2834 Romani
944 2767 1061 2834 laetam
1089 2777 1143 2833 aut

186 2854 385 2918 incruentam
405 2853 572 2918 victoriam
593 2853 725 2940 adeptus
748 2862 832 2938 erat3
858 2877 933 2918 nam
955 2853 1185 2926 strenuissuao

186 2959 257 3004 mus
280 2939 414 3024 quisque
436 2947 490 3004 aut
512 2938 670 3004 occiderat
691 2941 725 3005 in
751 2937 890 3026 proelio,
919 2948 974 3004 aut
1001 2943 1143 3025 graviter

161 3023 368 3090 svolneratus
391 3023 587 3090 disoesserat.
630 3024 725 3106 Multi
745 3033 867 3108 autem,
891 3023 1006 3112 quide
1028 3025 1142 3092 enus

185 3108 314 3175 visundi
335 3118 390 3174 aut
412 3109 569 3197 spoliandi
590 3112 691 3196 gratia
732 3121 946 3195 recesserant,
973 3109 1141 3175 volventes

186 3193 314 3260 hostilia
342 3195 499 3262 cadavera
527 3197 663 3262 amioum
695 3133 763 3280 alii,
796 3219 870 3283 pars
902 3196 1060 3283 hospitem
1086 3205 1142 3260 aut

152 3303 157 3314 ·
187 3290 357 3366 cognatim
370 3281 610 3367 repperiebant5
631 3281 720 3346 fuere
734 3281 820 3365 item,
837 3281 892 3368 qui
905 3282 1049 3346 inimicos
1065 3303 1141 3346 suos
1151 3300 1184 3354 ss

162 3377 424 3450 aeognosoerent.
456 3366 508 3432 Ita
532 3369 622 3432 vnto
641 3388 700 3453 per
730 3389 857 3432 onmem
878 3368 1054 3434 exereitum
1073 3364 1141 3432 lae·

187 3451 257 3514 titia
278 3472 413 3534 maeror,
436 3450 540 3516 luotus
562 3460 657 3538 atque
678 3451 794 3536 gaudia
815 3452 1024 3537 agitabantur.

562 3565 763 3578 ——n—-n—
