2520 3966
403 284 630 358 Ivsvsrnn
651 289 779 358 93-94
1016 289 1081 358 115

127 465 200 531 dein
222 464 330 555 plures
351 473 482 553 peteret,
505 463 609 530 studio
638 463 769 551 legsmdi
789 465 954 552 paullatim
975 485 1077 552 prope

125 551 168 617 ad
190 575 346 617 summum
374 554 490 618 montis
523 571 670 638 egressus
706 560 763 618 est
816 551 883 618 Vbi
909 559 1104 640 postquam&

126 637 329 704 solitudinem
357 638 531 720 intellexit,
561 658 650 702 more
671 637 780 722 ingeni
810 637 940 704 humani
962 637 1079 724 cupido

126 723 271 788 difficilia
302 724 443 788 faciundi
472 724 612 788 animum
640 725 747 788 vortit.
797 723 841 790 Et
869 723 950 790 forte
977 725 1012 788 in
1039 745 1104 795 eas

97 811 199 876 oloeo
228 809 358 896 grandis
392 809 459 875 ilex
487 809 649 874 coaluerat
683 809 767 874 inter
802 831 897 892 saxa,
934 808 1079 896 paullum

126 896 223 962 modo
244 917 355 982 prone,
379 895 453 960 dein
474 893 560 959 flexa
587 904 681 981 atque
710 901 805 960 aucta
825 897 859 960 in
880 893 1079 964 altitudinem

128 1005 191 1070 quo
204 990 317 1047 cuncta
328 982 524 1067 gignentium
538 990 652 1046 natira
664 981 740 1065 fert3
763 982 852 1046 umus
863 983 960 1046 ramis
975 980 1079 1066 modo,

126 1066 222 1134 modo
244 1068 454 1132 eminentibus
475 1069 562 1132 saxis
585 1069 673 1132 nisus
695 1067 795 1153 Ligus
814 1068 848 1134 iu
870 1067 993 1132 castelli
1013 1066 1080 1153 pla·

127 1155 240 1218 nitiem
261 1155 426 1240 perrepsit,
452 1152 538 1240 quod
559 1155 665 1218 cuncti
678 1153 835 1220 Numidae
856 1153 970 1218 intenti
990 1175 1080 1240 proe-

81 1239 278 1306 toliantibus
311 1239 450 1304 aderant
499 1239 683 1326 Exploratis
713 1239 859 1304 omnibus
896 1260 977 1325 quae
1004 1260 1105 1311 moxs

126 1347 189 1390 usu
210 1325 278 1390 fore
301 1325 446 1408 ducebat,
469 1325 581 1390 eadem
602 1325 790 1412 regreditur,
812 1347 877 1392 non
890 1334 1020 1407 temere,
1034 1325 1080 1390 uti

128 1410 331 1496 escenderat,
355 1412 413 1476 sed
439 1420 599 1498 temptans
623 1411 729 1476 omnia
757 1420 790 1476 et
811 1411 1080 1499 circumspiciens.
1168 1463 1170 1470 ,

126 1497 240 1586 Itaque
261 1497 398 1562 Marium
419 1517 556 1586 propere
577 1497 661 1581 adit,
684 1506 756 1563 scta
771 1497 898 1582 edocet,
927 1497 1105 1582 hortatum

128 1583 171 1648 ab
194 1605 233 1648 ea
277 1593 358 1665 arte,
381 1605 443 1670 qua
464 1586 534 1671 ipse
556 1583 759 1668 escenderat,
787 1583 954 1650 castellum
980 1592 1045 1650 tem
1068 1623 1080 1634 -

87 1678 191 1756 tetet3
212 1606 381 1756 pollicetur
403 1691 473 1734 sese
495 1669 617 1734 itineris
639 1670 836 1757 periculique
858 1670 982 1736 ducem.
1011 1607 1104 1744 libs

127 1756 195 1821 rius
217 1777 289 1820 cum
310 1754 430 1842 Ligure
457 1757 615 1842 promissa
644 1757 712 1821 eius
735 1758 896 1842 cognitum
921 1779 968 1820 ex
987 1777 1073 1842 prae

129 1839 273 1907 sentibus
294 1841 397 1924 misit3
421 1859 555 1928 quorum
576 1843 623 1906 uti
645 1844 798 1927 cuiusque
815 1843 978 1928 ingenium
1001 1851 1078 1921 erat,

127 1929 175 1993 ita
194 1949 263 1992 rem
285 1926 449 1992 difficilem
471 1936 525 1992 aut
550 1927 677 1992 facilem
704 1929 909 2012 nuntiaver05
939 1927 1077 1994 consulis

129 2015 253 2078 anirnus
274 2021 381 2077 tamen
407 2013 550 2100 paullum
583 2022 733 2078 arrectus.
776 2013 889 2100 Itaque
917 2035 961 2078 cx
989 2015 1105 2100 copias

87 2115 119 2164 20
129 2100 305 2166 tubicinum
327 2107 359 2163 ct
381 2100 575 2164 cornicinum
595 2119 726 2166 numero
749 2100 887 2186 quinque
902 2099 1018 2164 militas
1041 2121 1081 2164 ue

130 2209 224 2274 quam
245 2185 474 2252 velocissumos
504 2183 639 2271 delegit,
673 2195 705 2250 et
736 2185 894 2267 cumeis,
922 2123 1081 2272 praesidio

130 2272 185 2359 qui
205 2271 325 2353 forent,
356 2281 502 2358 quattuor
531 2272 738 2355 centurionis,
775 2272 940 2357 omnisque
969 2272 1078 2358 Liguri

128 2379 242 2445 parere
263 2357 352 2422 iubet
378 2359 462 2422 etei
490 2358 618 2443 negotio
645 2377 837 2444 proxumum
859 2357 943 2424 diem
966 2359 1079 2424 consti-

128 2444 198 2512 tuit.
243 2443 308 2509 Sed
328 2443 385 2508 ubi
407 2465 449 2508 ex
469 2452 640 2531 praecepto
669 2451 794 2530 tempus
816 2445 937 2528 visum,
960 2445 1078 2530 paratis
1092 2458 1130 2509 nt

88 2547 121 2596 2⁵
132 2531 367 2616 conpositisque
401 2529 546 2596 omnibus
574 2529 616 2596 ad
642 2527 747 2594 locum
770 2532 886 2633 pergit.
931 2529 1079 2598 Ceterum

130 2616 188 2699 illi,
222 2617 277 2702 qui
298 2617 461 2680 escensuri
488 2624 588 2700 arant,
615 2615 780 2702 praedest
807 2615 848 2681 ab
881 2617 963 2682 duce
993 2639 1081 2680 anna

131 2711 338 2789 ornatumque
358 2710 568 2785 mutaverant,
594 2703 698 2788 eapite
720 2711 815 2854 atspuwe
851 2703 964 2768 edibus
985 2702 1080 2770 nudis

130 2787 176 2852 uti
196 2789 384 2874 prospectus
405 2789 557 2876 nisusque
577 2810 637 2874 per
658 2810 762 2854 saxa·
816 2788 888 2854 '‘us
909 2789 1006 2872 fcret3
1030 2811 1080 2852 su·

130 2889 189 2963 per
210 2883 300 2959 terga
324 2873 425 3023 gladii
448 2884 488 2939 et‘
502 2882 607 2957 scuta,
635 2895 747 2940 verum
776 2896 815 2938 oa
842 2874 1011 2940 Numidica
1040 2897 1081 2939 ex

89 2960 236 3043 socordis,
258 2981 323 3046 pon
346 2961 409 3025 eris
430 2962 534 3046 gratia
562 2958 657 3024 simul
684 2969 717 3026 ct
743 2961 866 3024 offensa
894 2981 956 3046 quo
978 2960 1081 3026 levius

131 3055 317 3133 streperent.
379 3044 481 3132 Igitur
515 3045 741 3139 praegrediens
787 3045 886 3131 Ligus
931 3069 1010 3114 saxa
1049 3055 1106 3128 ets

131 3133 242 3236 siquae
256 3140 414 3197 vetustate
427 3131 554 3197 radices
581 3130 764 3200 eminebant
784 3130 906 3218 laqueis
921 3129 1082 3198 vinciebat

152 3218 246 3283 uibus
262 3218 400 3301 adlevati
413 3217 536 3284 milites
544 3217 668 3284 facilius
684 3217 902 3302 escenderent,
923 3218 1082 3286 interdum

130 3305 259 3371 umidos
281 3303 450 3369 insolentia
475 3304 600 3369 itineris
626 3303 735 3370 levare
763 3326 876 3388 manu,
898 3303 954 3368 ubi
974 3305 1081 3391 paullo

89 3391 275 3496 stasperior
302 3408 454 3454 ascensus
484 3399 568 3472 erat,
605 3388 747 3476 singulos
776 3409 854 3476 prae
885 3413 920 3456 se
952 3391 1081 3456 inermis

129 3485 267 3561 mittere,
290 3473 405 3541 deinde
427 3477 497 3564 ipsc
519 3499 592 3542 cum
613 3475 740 3542 illerum
755 3477 850 3548 armis
874 3477 977 3562 sequti:
1000 3499 1081 3564 quae

130 3563 229 3628 dubia
241 3591 253 3604 2
268 3561 341 3627 nisu
364 3577 368 3587 '
383 3559 574 3628 videbantur
607 3563 801 3649 potissums
812 3611 824 3640 ,¹
837 3571 1008 3708 terpptare,
1043 3584 1084 3630 ac
