2502 3968
168 264 209 330 16
332 220 335 222 ’
463 261 670 328 urrunsa
692 261 834 328 22-24

166 434 325 522 adigeret,
347 434 478 500 humani
500 435 641 522 corporis
669 435 857 522 sauguinem
885 435 961 501 vino
989 435 1132 522 permix-

141 530 233 591 ttum
259 521 295 585 in
322 522 440 608 pateris
470 520 718 606 circumtulisso3
748 520 823 604 inde
853 544 925 587 cum
977 531 1027 588 ost
1056 545 1132 588 exe·
1246 569 1247 586 t

166 608 339 673 orationem
354 628 464 675 omnes
480 606 744 694 degustavissent‚
768 608 861 672 sicuti
874 609 909 672 in
923 545 1133 674 sobemnibus
1246 679 1247 696 χ

167 695 265 759 sacris
287 693 358 759 fieri
380 696 562 777 consucvit,
585 694 747 780 aperuisse
770 693 938 760 consilium
960 716 1061 779 suum,
1084 705 1131 760 at·
1246 697 1247 736 ἓ

141 779 1158 936 2ttstitttttttt:ttttnttttttztbfttt⁵
1246 839 1247 892 ³

167 962 199 1018 et
213 951 313 1017 multa
326 961 498 1038 praeterea·
507 950 743 1018 existumabant
757 950 797 1018 ab
814 954 878 1037 eis„
892 953 946 1040 qui
967 951 1133 1019 Ciceronis
1246 983 1247 990 ¹

166 1038 328 1122 invidiam,
352 1060 434 1125 quae
455 1047 568 1125 postea
588 1048 658 1105 orta
674 1047 731 1122 est,
753 1038 847 1104 leniri
862 1039 1035 1106 credebaut
1049 1050 1134 1104 atro-

167 1126 261 1190 citate
284 1123 413 1190 sceleris
436 1147 545 1190 eorum
557 1174 565 1207 ,
596 1127 651 1212 qui
676 1147 796 1212 poenas
825 1124 986 1191 dederant.
1027 1125 1134 1206 ,Nobis

141 1230 207 1280 sea
227 1233 279 1275 res
300 1233 358 1298 pro
380 1211 598 1298 magnitudine
620 1233 732 1298 parum
755 1221 907 1298 conperta
928 1220 985 1277 est
1146 1232 1180 1282 ιο

115 1314 158 1370 2³
232 1295 298 1363 Sed
319 1297 353 1361 in
368 1319 407 1363 ea
422 1297 637 1362 coniuratione
659 1297 718 1362 fuit
734 1295 869 1378 Quintus
892 1296 1016 1382 Curius,
1038 1307 1134 1364 natus
1246 1343 1247 1412 p

167 1384 254 1449 baud
275 1382 410 1450 obscruo
432 1382 518 1466 loco,
541 1382 670 1468 flagitiis
693 1393 788 1470 atquo
807 1383 1000 1450 facinoribus
1022 1407 1134 1472 copor·
1246 1427 1247 1478 p

169 1479 236 1552 tus,
281 1492 354 1534 uem
376 1490 525 1534 censores
548 1478 660 1535 senatu
687 1469 798 1556 probri
826 1471 929 1556 gratia
955 1480 1134 1536 moverant.
1246 1495 1247 1582 p

145 1492 389 1657 2Huiciromipi
403 1578 468 1623 nou
482 1556 587 1621 minor
599 1556 725 1622 vanitas
740 1557 852 1640 inerat,
875 1579 970 1645 quam
984 1556 1135 1643 audacia3
1246 1583 1247 1636 3

169 1665 210 1708 ne
233 1665 273 1707 ue
306 1651 440 1706 roncore
477 1665 559 1730 quae
587 1641 748 1726 audierat,
779 1664 884 1730 noque
914 1653 1037 1708 suamet
1063 1643 1136 1730 ipse
1148 1663 1180 1712 15
1246 1645 1247 1714 3

170 1665 292 1794 scdiera
314 1726 489 1811 occudtare,
534 1751 641 1794 rorsus
663 1750 767 1815 neque
783 1727 890 1794 dicere
909 1751 951 1794 ne
972 1729 1136 1796 nefacere
1246 1739 1247 1744 ’

145 1816 340 1903 equiequam
360 1815 454 1917 pensi
480 1815 523 1880 ha
546 1815 628 1880 ebat.
671 1814 751 1882 Erat
773 1815 804 1879 ei
826 1815 947 1881 cumF
981 1817 1043 1898 via,
1066 1838 1136 1880 mu·
1246 1867 1247 1898 3

170 1903 249 1967 liere
271 1901 386 1985 nobih‚
410 1902 511 1987 stupri
532 1911 624 1966 vetus
640 1900 852 1986 consuetudo;
876 1903 1014 1966 cuicum
1029 1903 1135 1967 minus

170 1998 280 2076 gratus
303 1997 404 2072 esset,
434 1988 637 2077 quiasinopia
657 1987 762 2052 minus
785 1987 895 2074 largiri
915 1997 1055 2074 poterat,
1085 2012 1135 2055 ro-

169 2085 265 2163 pente
287 2074 427 2161 glorians
448 2075 550 2140 maria
570 2073 750 2161 montisque
769 2073 914 2160 polliceri
936 2077 1054 2162 coepit,
1077 2076 1180 2144 mi-ao
1246 2075 1247 2144 i

169 2163 240 2227 nari
261 2161 420 2228 interdum
440 2159 540 2245 forro,
562 2161 596 2225 ni
618 2160 679 2226 sibi
701 2158 842 2227 obnoxia
862 2161 951 2243 soret,
998 2169 1135 2228 ostremo
1246 2159 1247 2210 i

145 2248 307 2315 tferocius
329 2248 450 2335 agitare
473 2270 568 2335 quam
597 2246 707 2312 solitus
735 2255 812 2313 orat.
855 2246 900 2312 At
926 2185 1059 2332 Fuivia,
1088 2247 1135 2312 in·

172 2332 325 2400 solentius
358 2331 436 2400 Curi
469 2354 582 2398 cauussa
614 2333 757 2419 cognita,
790 2331 854 2398 tale
882 2332 1058 2420 periculum
1086 2335 1136 2400 rei

193 2419 319 2486 ublicac
340 2419 427 2485 baud
448 2418 607 2484 occultum
627 2418 756 2503 habuit,
780 2418 838 2484 sed
860 2419 984 2486 sublato
1006 2427 1136 2485 auctore

171 2443 213 2570 de
235 2504 391 2571 Catilinae
414 2504 630 2570 coniuratione
645 2527 727 2592 quae
742 2505 976 2594 quoquomodo
992 2505 1137 2572 audierat
1146 2524 1181 2574 25

174 2615 233 2658 con
256 2591 377 2656 iuribus
399 2591 550 2656 narravit

148 2698 164 2746 e
268 2700 288 2743 a
318 2701 370 2744 res
402 2679 437 2742 in
480 2678 569 2744 rimis
597 2678 701 2745 studia
728 2678 891 2744 hominum
919 2678 1065 2744 accendit
1094 2679 1137 2744 ad

148 2765 372 2836 econsulatum
386 2787 460 2830 man
525 2764 601 2831 dum
614 2765 724 2830 Marco
739 2764 844 2830 Tullio
861 2764 1017 2832 Ciceroni.
1039 2764 1136 2830 Nam·

176 2874 237 2941 que
263 2860 357 2917 antea
383 2849 536 2938 pleraque
565 2851 714 2917 nobilitas
744 2851 865 2916 invidia
893 2850 1072 2934 aestuabat,
1104 2859 1137 2916 et
1246 2923 1247 2932 2

175 2937 267 3025 quasi
287 2935 388 3024 pollui
409 2936 607 3004 consulatum
629 2935 818 3020 credebant,
846 2939 874 3003 si
895 2960 968 3002 eum
988 2937 1182 3024 quanvinao

175 3024 322 3109 egregius
343 3022 438 3089 homo
460 3045 562 3089 novus
585 3023 718 3112 adeptus
740 3022 831 3092 foret
875 3022 940 3089 Sed
968 3023 1026 3089 ubi
1052 3024 1137 3110 peri·
1246 3047 1247 3052 ¹

175 3108 282 3174 culum
310 3107 456 3194 advenit,
486 3110 608 3177 invidio
636 3118 730 3198 atque
760 3133 797 3176 su
820 3110 909 3176 erbia
934 3119 1008 3197 post
1035 3109 1135 3176 fitero.

119 3195 275 3346 zdilgitur
304 3195 438 3262 comitiis
467 3195 582 3262 habitis
613 3196 760 3265 consules
787 3133 988 3262 ‹ibolarantur
1007 3195 1136 3262 Marcus

150 3301 167 3352 2
205 3282 299 3348 ullius
322 3291 354 3347 et
375 3281 474 3349 Gaius
496 3282 663 3349 Antonius.
701 3281 796 3363 Quod
816 3282 935 3348 suctum
955 3283 1058 3369 primo
1079 3303 1136 3369 po-

174 3367 295 3520 pplaris
317 3370 541 3437 coniurationis
563 3378 782 3454 concusserat3
804 3391 908 3456 neque
929 3378 1037 3434 tamon
1051 3366 1180 3439 Cati-3⁵

102 3500 121 3536 ‹;
190 3454 261 3520 'ae
281 3453 369 3522 firror
389 3456 607 3540 minuebatur,
637 3454 695 3522 sed
723 3457 757 3522 in
786 3455 853 3521 dies
882 3452 975 3544 plura
996 3454 1135 3540 agitare:

177 3563 267 3610 arma
293 3563 352 3628 per
371 3539 498 3608 Italiam
526 3540 605 3608 locis
628 3543 790 3629 oportunis
812 3563 940 3629 parare,
969 3540 1138 3627 pecuniam
