2502 3968
189 219 232 282 24
481 214 686 280 CATILINA
706 213 842 278 37-3a

165 384 349 473 rsperabat3
370 393 535 471 praeterea
548 386 711 467 iuventus,
734 405 814 471 quae
835 384 869 448 in
883 384 967 469 agris
986 406 1138 450 manuum
1231 443 1232 488 ,

187 471 333 536 mercede
354 471 492 557 inopiam
512 469 709 552 toleraverat,
731 470 863 556 privatis
885 477 979 555 atque
999 469 1138 555 publicis
1231 489 1232 514 ³

187 555 404 642 largitionibus
434 556 538 620 excita
573 554 728 619 urbanum
757 554 855 619 otium
882 555 1004 639 ingrato
1034 553 1139 619 labori

186 641 386 729 praetulerat.
422 638 488 704 Eos
511 648 604 726 atque
626 639 705 703 alios
727 640 828 704 omnis
842 638 960 703 malum
973 638 1139 725 publicum

162 727 306 798 salebat:
335 747 397 812 quo
426 726 530 788 minus
551 724 728 788 mirandum
754 733 810 808 est,
839 725 982 789 homines
1004 725 1163 809 egentius
1232 729 1233 738 ’

186 812 278 876 malis
299 809 438 875 moribus
459 831 610 874 maxuma
631 831 705 897 spe,
733 811 782 874 rei
808 809 954 895 publicae
979 809 1072 873 iuxta
1098 831 1140 873 ac

162 897 249 966 ssibi
270 894 472 962 consuluisse.
516 895 685 960 Praeterea
712 916 845 981 quorum
869 895 1003 959 victoria
1028 892 1139 958 Sullae

187 983 333 1067 parentes
354 982 476 1066 proscri
498 982 538 1063 ti,
568 979 653 1045 bona
679 990 802 1067 erepta,
831 981 880 1043 ius
907 978 1060 1044 libertatis
1091 981 1139 1045 in·

187 1067 341 1129 minutum
362 1074 445 1148 erat,
474 1003 559 1130 laud
581 1087 657 1130 sane
680 1065 741 1130 alio
764 1066 867 1131 animo
889 1063 967 1128 belli
989 1073 1141 1130 eventum
1233 1062 1234 1150 l

150 1171 178 1222 to
188 1150 412 1236 expectabant3
446 1150 488 1214 ad
506 1150 567 1215 hoc
589 1152 776 1237 quicumque
791 1149 924 1214 aliarum
938 1157 1032 1235 atque
1047 1171 1139 1214 sena
1154 1176 1183 1224 to
1233 1199 1234 1236 ,

186 1237 211 1300 ti
244 1237 380 1322 partium
414 1244 503 1299 erant
537 1235 717 1301 conturbari
748 1257 817 1299 rem
849 1233 1010 1320 publicam
1042 1257 1141 1321 quam

147 1322 289 1392 11minus
310 1319 418 1385 valere
439 1321 501 1405 ipsi
521 1319 690 1385 malebant.
722 1320 762 1385 Id
782 1321 861 1385 adeo
883 1318 1001 1384 malum
1021 1319 1140 1386 multos

134 1423 178 1481 ss
211 1415 259 1470 ost
280 1427 378 1470 annos
400 1407 434 1468 in
456 1406 615 1470 civitatem
636 1414 819 1471 revortorat.
862 1404 943 1468 Nam
969 1413 1141 1491 postquam

242 1512 298 1555 aeo
327 1490 477 1575 Pompeio
508 1499 539 1554 et
563 1489 670 1555 Marco
693 1488 808 1556 Orasso
831 1489 1012 1554 oonsulibus
1038 1489 1140 1556 tribu-
1234 1520 1235 1598 q

188 1577 271 1640 nicia
299 1583 437 1661 potestas
469 1575 613 1640 restituta
645 1586 707 1658 est,
741 1576 884 1641 homines
918 1573 1139 1644 adulescentes
1153 1595 1182 1644 15
1234 1603 1235 1626 i

189 1679 342 1724 summam
362 1667 549 1745 potestatem
557 1662 690 1743 maneti,
714 1662 827 1748 quibus
850 1667 936 1724 actas
952 1661 1140 1746 animusque
1234 1659 1235 1664 ’

189 1746 279 1809 ferox
294 1753 369 1826 erat,
392 1766 525 1831 coepere
540 1754 682 1809 senatum
705 1744 899 1809 criminando
920 1743 1049 1831 plebem
1063 1767 1140 1808 exa-

189 1832 306 1918 gitare,
328 1828 403 1894 dein
423 1828 589 1916 largiundo
612 1839 705 1916 atque
725 1829 930 1916 pollicitando
960 1831 1062 1914 magis
1090 1831 1139 1894 in·

164 1916 340 1987 accudere:
363 1917 408 1980 ita
427 1917 489 2016 ipsi
511 1914 588 1980 clari
608 1923 815 2064 potentesque
829 1915 907 1978 fieri.
949 1912 1068 1980 Contra
1082 1936 1139 1979 eos
1235 1981 1236 1998 ,

189 2024 310 2066 summa
331 2022 391 2088 ope
411 1999 569 2065 mtebatur
589 2021 740 2087 peraque
754 1999 901 2064 nobilitas
916 2001 1017 2064 senati
1032 2001 1138 2086 specie
1150 2023 1182 2074 20
1235 2019 1236 2082 Τ

164 2106 246 2173 apro
276 2109 332 2151 sua
359 2084 585 2171 magnitudine.
627 2084 787 2171 Namque,
817 2086 864 2148 uti
887 2086 998 2170 paucis
1026 2105 1139 2148 verum

189 2171 368 2254 absolvam,
386 2194 448 2318 per
468 2169 524 2234 illa
537 2179 679 2256 tempora
693 2171 882 2256 quicumque
896 2191 964 2234 rem
977 2169 1140 2255 publicam

190 2257 365 2340 agitavere,
410 2255 526 2319 onestis
547 2254 743 2337 nominibus,
766 2253 820 2318 alii
835 2255 926 2319 sicuti
939 2254 1048 2341 populi
1069 2255 1141 2318 iura

190 2340 401 2422 defenderent,
417 2361 490 2426 pars
511 2361 571 2440 quo
587 2341 688 2404 senati
702 2340 871 2404 auctoritas
885 2361 1034 2404 maxuma
1046 2339 1138 2422 forst,

189 2423 307 2490 bonum
327 2424 489 2511 publicum
510 2423 692 2488 srmulantes
706 2445 765 2510 pro
781 2446 838 2488 sua
852 2426 983 2511 quisque
1021 2425 1184 2492 otentiaat

191 2508 362 2574 certabant.
404 2507 515 2595 Neque
535 2507 598 2572 illis
620 2508 775 2573 modestia
801 2530 905 2573 neue
931 2531 982 2575 mo
1005 2530 1042 2574 us
1064 2529 1139 2573 con-

189 2596 336 2658 tentionis
349 2602 431 2658 erat:
447 2594 571 2680 utrique
581 2595 746 2659 victoriam
758 2594 853 2658 crude
868 2595 926 2659 ‘ter
937 2592 1138 2659 exercebant

140 2697 181 2752 ³9
191 2677 255 2744 Sed
283 2689 447 2765 postquam
477 2677 605 2743 Gnaeus
633 2679 802 2766 Pompeius
832 2679 874 2744 ad
901 2677 1020 2743 bellum
1045 2680 1139 2742 mari-

190 2773 310 2828 tumum
330 2773 423 2850 atque
444 2763 690 2829 Mithridaticum
711 2765 825 2828 missus
848 2763 1040 2914 est,Eplebis
1062 2785 1140 2849 opes

166 2851 377 2932 ainminutae,
404 2871 575 2934 paucorum
601 2851 742 2936 potentia
764 2851 871 2915 crevit.
947 2851 953 2865 '
975 2849 1138 2932 magistra
1149 2871 1184 2934 aq

190 2943 241 3000 tus
269 2935 446 3020 provincias
475 2932 600 3021 aliaque
626 2936 732 3000 omnia
757 2943 881 3019 tenere3
912 2935 991 3022 ipsi,
1017 2935 1141 2998 innoxii

191 3019 356 3102 florentes,
379 3019 446 3082 sine
467 3029 553 3084 metu
574 3028 709 3084 aetatem
731 3041 842 3104 agere,
874 3029 994 3085 ceteros
1015 3019 1140 3083 iudiciis

191 3115 326 3189 terrere,
377 3125 418 3168 uo
469 3102 574 3168 lebem
602 3106 636 3168 in
664 3107 850 3190 magistratu
877 3105 1031 3191 placidius
1058 3113 1139 3168 trac·

168 3198 303 3261 3tarent
347 3127 411 3254 ded
431 3125 487 3254 ubi
507 3191 643 3276 primum
665 3189 768 3254 dubiis
790 3190 885 3254 rebus
907 3189 1045 3254 novandi
1066 3209 1141 3275 spos

195 3275 300 3340 oblata
327 3281 390 3356 est,
418 3281 509 3339 vetus
539 3283 698 3340 certamen
727 3275 847 3340 animos
877 3296 985 3338 eorum
1012 3275 1137 3337 arrexit
1152 3293 1183 3340 aa

169 3359 288 3439 tQuod
309 3359 336 3423 si
356 3360 457 3446 primo
479 3357 760 3448 proeliossatilina
786 3360 928 3445 superior
957 3366 1011 3424 aut
1039 3379 1141 3508 aequa

194 3467 290 3510 manu
304 3443 508 3528 discessisset,
529 3443 669 3531 profecto
691 3467 806 3532 magna
828 3443 934 3510 clades
948 3451 1043 3532 atque
1058 3465 1096 3508 ca
1108 3464 1140 3508 a·
