2502 3968
208 220 249 287 10
511 215 716 284 camma
738 215 872 285 12-14

182 389 365 462 slioentiam
386 388 569 475 eripiebant.
597 388 642 453 At
654 388 689 456 hi
708 397 817 456 contra
829 386 1034 474 ignavissumi
1053 385 1153 452 homi-

206 497 263 540 nes
291 497 350 561 per
377 496 533 539 summum
561 471 664 540 scelus
692 475 798 542 omnis
825 496 864 540 ea
889 472 982 542 sociis
1004 471 1153 553 adimere,

207 582 288 648 quae
315 558 488 624 fortissumi
514 559 576 623 viri
602 560 738 625 victores
770 558 911 625 hostibus
943 556 1154 644 reliquerant:

205 645 338 732 proinde
360 645 451 730 qnasi
470 645 616 710 iniumam
636 643 740 710 facero
768 645 802 710 id
830 644 955 710 demum
984 651 1067 710 esset
1096 641 1155 706 im·

159 731 294 817 reperio
321 731 376 795 uti.
419 729 500 794 Nam
528 729 603 814 quid
629 751 668 794 ea
692 751 880 813 memorem,
910 750 990 815 quae
1017 727 1080 794 nisi
1108 727 1182 802 cisa

228 816 262 880 ui
286 814 395 880 videre
421 815 540 880 nemini
569 814 733 880 credibilia
758 823 846 898 sunt,
875 837 894 880 a
921 813 1051 901 privetis
1081 833 1155 878 con-
1210 861 1214 871 .

183 898 348 1050 rpuribus
361 899 530 965 subvorsos
544 901 668 983 montis,
682 902 783 966 maria
797 909 955 965 constrata
967 921 1046 964 esse.
1077 895 1155 977 Qui-

229 1008 266 1050 us
295 984 373 1048 mihi
399 985 547 1050 videntur
574 984 710 1051 ludibrio
738 985 836 1052 fuisse
865 984 1009 1067 divitiae3
1038 983 1155 1137 fflpe

207 1092 285 1157 quas
305 1068 436 1134 honeste
457 1069 575 1136 hebere
596 1070 711 1138 licebat
732 1070 820 1136 abuti
846 1091 905 1157 per
931 1070 1049 1155 turpitu
1071 1069 1079 1083 ‘
1104 1089 1157 1133 em

182 1153 696 1308 occurreretur
704 1157 975 1310 futuru
991 1153 1156 1328 ,tl-,³3⁰
1167 1176 1201 1228 ¹⁰

207 1326 300 1392 lieres
314 1326 498 1413 pudicitiam
511 1327 545 1392 in
558 1328 723 1414 propatulo
737 1328 869 1411 habere3
883 1325 1033 1392 vescendi
1044 1335 1158 1392 caussa

207 1422 292 1476 terra
312 1413 454 1511 marique
470 1413 575 1477 omnia
590 1415 772 1500 exquirere,
795 1413 931 1480 dormire
951 1413 1039 1498 prius
1061 1432 1158 1496 quam

207 1497 311 1562 somni
338 1496 451 1582 cuprdo
482 1508 580 1582 esset3
608 1521 673 1564 non
700 1499 817 1565 famam
843 1508 898 1564 aut
925 1497 1024 1579 sitim,
1053 1516 1158 1580 neque

207 1582 306 1670 irigus
334 1603 437 1666 neque
464 1581 683 1650 lassitudinem
711 1583 863 1670 opperiri,
896 1582 954 1646 sed
982 1603 1021 1648 ea
1051 1581 1201 1652 omniars

184 1668 286 1738 rluxu
307 1677 504 1752 antecapere.
546 1669 637 1736 Haeo
665 1671 874 1752 iuventutem,
903 1667 958 1732 ubi
985 1664 1157 1732 familiares

184 1751 584 1904 uttdlttffitatl
597 1750 1157 1906 ltdttdtttlltld'ltt

209 1921 425 2027 eo-prolirsius
446 1925 590 1992 omnibus
618 1924 720 1991 modis
742 1925 884 2010 quaestui
912 1933 1006 2010 atquc
1020 1923 1157 2009 sumptui

208 2011 332 2078 dedum
355 2020 432 2078 erat.
1168 2033 1202 2082 ro

164 2113 200 2168 14
271 2097 309 2161 ln
336 2105 425 2164 tanta
451 2105 577 2186 tamque
605 2108 753 2184 corrupta
780 2097 906 2162 civitate
936 2094 1087 2178 Catilina,
1124 2096 1158 2160 id

88 2204 91 2210 ’
209 2183 294 2328 quod
307 2183 391 2247 factu
406 2183 601 2250 facillumum
615 2194 690 2267 eret,
707 2183 845 2250 omnium
857 2180 1049 2268 flagitiorum
1063 2189 1157 2265 atque

222 2269 382 2332 acinorum
411 2270 528 2336 circum
557 2293 592 2336 sc
619 2279 779 2357 tamquam
805 2267 989 2354 stipatorum
1015 2274 1158 2332 catervas
1244 2277 1245 2354 l

186 2350 355 2422 rhabebat
391 2353 474 2420 Nam
495 2356 682 2442 quicumque
703 2353 868 2442 inpudicus
890 2351 1029 2436 adulter,
1055 2373 1158 2436 ganeo
1244 2383 1245 2386 ¹

209 2458 305 2502 manu
324 2447 451 2522 ventre,
472 2460 554 2526 pene
575 2438 660 2505 bona
702 2441 782 2506 atria
802 2439 1013 2521 laceraverat,
1042 2438 1201 2525 quiquett

210 2522 347 2587 alienum
376 2546 429 2588 aes
458 2524 578 2610 grande
607 2462 798 2593 condiverat
826 2548 887 2613 quo
920 2524 1074 2611 flagitium
1104 2533 1160 2590 aut

186 2609 331 2680 alcoinus
358 2607 543 2696 redimeret;
566 2619 735 2711 praeterea
756 2634 864 2679 omnes
885 2611 960 2676 undi
983 2632 1023 2676 ue
1044 2610 1158 2699 parici-

210 2693 269 2758 dae
292 2694 453 2779 sacrilegi,
483 2698 619 2762 convrcti
639 2694 764 2764 iudiciis
792 2706 847 2763 aut
872 2719 931 2784 pro
1009 2696 1050 2764 tis
1077 2694 1158 2761 iudi·

211 2780 294 2844 cium
321 2781 483 2866 timentes5
519 2782 561 2846 ad
588 2781 649 2848 hoe
698 2806 755 2849 uos
783 2805 895 2848 manus
928 2790 1022 2867 atque
1050 2779 1160 2865 lingua
1243 2807 1244 2810 ¹

210 2865 346 2954 periurio
369 2874 423 2931 aut
443 2868 595 2954 sangiune
617 2869 648 2933 ci
670 2869 677 2885 ⁸
724 2867 843 2935 alebat:
866 2876 1027 2969 postremo
1048 2886 1203 2936 omnesao

211 2973 289 3054 quos
311 2951 465 3037 flagitium
487 2965 627 3038 egestas,
656 2953 800 3020 conscius
822 2974 985 3018 ammuse
1052 2949 1159 3034 'tabat
1243 2975 1244 2992 ¹

185 3055 241 3106 ter
256 3036 410 3102 Catilinae
423 3040 570 3125 proxumi
584 3039 815 3127 familiaresque
831 3047 928 3104 erent.
952 2973 1062 3118 andl
1060 3036 1159 3124 siquis
1243 3043 1244 3089 l

211 3123 306 3187 etiam
327 3144 347 3187 a
372 3123 465 3212 culpa
492 3147 610 3189 vacuus
640 3126 674 3190 in
702 3125 870 3190 amicitiam
899 3125 966 3188 eius
994 3122 1159 3204 inciderat,

211 3207 366 3275 cotidiano
388 3233 448 3274 usu
469 3217 563 3296 atque
590 3209 759 3276 inlecebris
787 3209 879 3275 facile
905 3231 964 3295 par
984 3207 1160 3294 similisque

185 3295 324 3363 testeris
339 3293 540 3360 efficiebatur.
570 3293 635 3362 Sed
648 3316 795 3362 maxume
809 3293 1056 3360 adulescentium
1070 3291 1160 3358 lami-
1169 3312 1202 3363 35
1242 3371 1243 3386 χ

211 3380 361 3446 liantatcs
390 3379 431 3446 ad
453 3379 573 3464 etebat3
603 3403 712 3446 eornm
740 3380 836 3448 animi
862 3377 975 3446 molles
1004 3387 1036 3444 et
1057 3386 1159 3444 aetate

186 3464 290 3535 ofluxi
319 3465 399 3531 dolis
427 3405 513 3532 laud
545 3465 712 3532 difficulter
740 3464 952 3554 capiebantur.
1000 3463 1082 3528 Nam
1110 3463 1157 3528 uti
