2520 3966
214 280 276 350 ¹12
526 277 752 345 IVGVRTHA
772 277 899 344 sasseo

186 456 205 508 ⁴
295 449 375 518 Erat
403 455 484 518 inter
513 453 649 536 ingentis
679 447 863 517 solitudines
891 448 1044 536 oppidum

212 559 288 603 num
323 547 416 623 atque
451 535 575 620 valens,
611 537 738 601 nomine
774 536 895 624 Capsa,
924 537 1013 600 cuius
1051 470 1155 605 uffi-

212 631 261 688 tor
281 621 436 687 Hercules
458 621 556 686 Libus
578 622 820 687 memorabatur.
861 621 940 686 llius
964 622 1050 688 cives
1073 619 1156 708 apud

211 707 395 793 Iugurtham
421 709 579 790 inmunes,
602 707 666 771 levi
687 709 835 794 imperio,
864 716 896 770 ct
917 705 956 772 ob
980 729 1018 770 ca
1039 705 1155 770 fidelis·

213 795 294 857 aumi
314 791 518 876 habebantur,
541 793 653 858 muniti
675 793 844 858 advorsum
865 790 964 856 hostis
986 813 1052 856 non
1071 814 1189 862 moe-⁵

211 878 304 943 nibus
326 878 419 942 modo
442 888 474 942 et
494 880 589 942 armis
605 888 698 964 atque
718 879 806 959 viris,
821 899 932 943 verum
947 877 1042 942 etiam
1056 877 1155 942 multo

187 965 312 1049 amagis
348 963 489 1028 locorum
525 965 702 1050 asperitate.
746 963 828 1028 Nam
856 972 981 1049 praeter
1001 963 1155 1048 oppidum

211 1051 388 1136 propinqua
409 1049 471 1115 alia
492 1052 598 1115 omnia
625 1058 715 1114 vasta
736 1048 870 1131 inculta,
900 1050 1024 1133 egentia
1053 1071 1155 1135 aquae
1241 1047 1242 1126 l

209 1135 324 1199 infesta
345 1135 551 1220 serpentibus,
575 1158 708 1222 quorum
728 1136 793 1218 via,
827 1134 920 1198 sicuti
949 1135 1088 1198 omnium
1110 1134 1156 1198 fe·
1241 1151 1242 1164 ³

209 1242 324 1304 rarum,
341 1221 457 1306 [inopia
479 1221 542 1286 eibi
564 1222 674 1303 aerior,
690 1218 732 1284 ad
752 1219 814 1284 hoc
827 1230 941 1284 natura
961 1222 1156 1305 serpentium
1178 1247 1204 1294 ιο

209 1306 221 1369 i
243 1329 279 1369 sa
298 1307 485 1391 perniciosa]
509 1308 561 1371 siti
581 1307 681 1391 magis
704 1327 798 1392 quam
820 1305 938 1368 aliare
961 1305 1155 1370 accenditur.
1241 1341 1242 1344 =

185 1401 199 1446 ὓ
238 1393 286 1454 ius
301 1391 444 1476 potiundi
457 1393 592 1456 Marium
606 1414 755 1456 maxuma
770 1391 884 1476 cupido
899 1393 1067 1472 invaserat,
1082 1413 1156 1454 eum

231 1486 337 1562 ropter
350 1499 442 1540 usum
457 1476 543 1560 belli,
558 1487 625 1542 tum
641 1479 714 1564 quia
727 1499 779 1542 res
795 1499 907 1562 aspera
921 1475 1098 1559 videbatur,
1123 1485 1155 1540 et
1241 1503 1242 1514 ¹

243 1561 353 1625 etellus
381 1562 531 1647 oppidum
560 1563 693 1628 Thalam
727 1584 843 1647 magna
878 1561 979 1646 gloria
1013 1571 1153 1646 ceperat,
1241 1585 1242 1634 l

208 1646 293 1712 haud
313 1646 506 1712 dissimiliter
520 1649 614 1712 situm
636 1649 859 1733 munitumque,
878 1649 941 1712 nisi
962 1647 1046 1732 quod
1067 1648 1156 1732 apud
1176 1667 1202 1718 ro

208 1731 341 1797 'l'halam
362 1755 426 1797 non
447 1732 541 1818 longe
563 1756 582 1797 a
602 1734 766 1798 moenibus
788 1733 906 1819 aliquot
926 1732 1028 1798 fontes
1051 1743 1152 1816 erant,

209 1817 385 1905 Capsenses
407 1841 471 1883 una
498 1818 592 1884 modo
621 1829 715 1904 atque
738 1841 776 1884 ea
804 1819 886 1884 intra
913 1819 1063 1904 oppidum
1085 1820 1155 1904 iugi

184 1917 228 1968 ta
249 1927 299 1987 ua,
323 1913 427 1968 cetera
447 1903 557 1990 pluvia
576 1903 753 1968 utebantur.
775 1901 815 1967 Id
836 1904 942 1990 ibique
964 1915 995 1968 et
1009 1905 1043 1968 in
1064 1907 1154 1968 omui

268 1991 325 2073 'ca,
349 2012 411 2138 qua
432 1989 543 2076 procul
565 2013 584 2054 a
604 1992 684 2054 mari
705 1988 853 2054 incultius
876 1988 1021 2074 agebant,
1045 2011 1083 2053 eo
1106 1990 1152 2054 is·

209 2075 298 2138 cilius
318 2085 351 2139 to
365 2072 520 2158 orabatur,
544 2076 617 2162 quia
632 2073 787 2140 Numidae
807 2075 993 2162 plerumque
1015 2072 1097 2140 lacte
1120 2085 1155 2140 et
1172 2099 1200 2148 to

207 2160 307 2224 serina
328 2182 423 2223 carne
443 2160 668 2242 vescebantur,
698 2182 800 2245 neque
829 2159 928 2224 salem
956 2182 996 2224 ne
1018 2183 1058 2224 ue
1088 2160 1154 2225 alia

182 2246 406 2312 sinritamenta
427 2246 520 2331 gulae
542 2245 749 2333 quaerebant:
773 2245 861 2310 cibus
890 2245 953 2310 illis
980 2184 1153 2312 advorsum

207 2329 322 2396 famem
344 2339 438 2417 atque
452 2333 545 2414 sitim,
560 2353 625 2396 non
646 2330 779 2395 lubidini
794 2353 897 2417 neque
911 2331 1056 2395 luxuriae
1071 2341 1149 2395 erat

156 2414 198 2468 0⁰
206 2415 307 2500 Igitur
328 2415 446 2499 consul,
470 2417 613 2483 omnibus
636 2415 816 2502 exploratis,
833 2415 928 2482 credo
949 2416 1018 2482 deis
1039 2415 1150 2500 fratria

206 2537 250 2550 --
263 2522 336 2564 uam
351 2510 460 2566 eontra
473 2511 574 2567 tantas
593 2501 784 2566 difficultatis
806 2501 937 2567 consilio
952 2502 1028 2566 satis
1042 2504 1151 2588 provi-
1169 2519 1199 2570 at

207 2586 282 2652 dere
310 2608 375 2652 non
408 2595 548 2737 poteratd·
606 2588 702 2736 uippe
738 2588 832 2652 etiam
861 2587 1008 2652 bumenti
1041 2589 1151 2689 inopia

208 2672 433 2759 temptabatur,
483 2695 524 2737 uo
597 2674 662 2738 mni
684 2694 722 2736 ae
748 2672 865 2759 pabulo
893 2675 1018 2759 pecoris
1045 2695 1148 2758 magis
1241 2717 1242 2720 =

208 2779 302 2843 quam
323 2779 399 2823 arvo
422 2697 562 2843 sulem,
592 2769 624 2823 et
651 2757 868 2845 quodcumque
896 2767 1006 2822 nattnn
1034 2757 1147 2842 fuerat,

207 2845 294 2908 iussu
314 2845 398 2928 regis
420 2845 454 2908 in
475 2843 545 2909 loca
566 2845 685 2908 munita
706 2842 916 2928 enubilarent,
944 2865 1020 2928 ager
1041 2853 1149 2910 autem

207 2928 312 2994 aridus
334 2938 366 2994 et
385 2928 510 3014 frugum
530 2951 649 2994 vacuus
672 2951 710 2992 ea
727 2938 929 3015 tempestate,
951 2951 1025 2993 nam
1046 2937 1148 2994 aesta·
1167 2951 1197 3000 to

206 3015 246 3078 tis
269 3023 444 3079 extremum
459 3023 526 3080 erat
539 3051 582 3064 -
595 3023 700 3079 tamen
714 3037 770 3100 pro
785 3017 832 3079 rei
846 3015 937 3163 eopia
951 3013 1026 3078 satis
1041 3015 1148 3100 provi·

183 3099 316 3170 adenter
344 3108 492 3165 exornat:
526 3122 623 3186 pecus
663 3121 779 3183 omne,
816 3121 877 3187 quo
932 3099 1147 3186 superioribus

206 3184 316 3250 diebus
337 3185 474 3270 praedae
495 3185 605 3268 iuerat,
621 3185 777 3271 equitibus
792 3183 964 3250 auxiliariis
986 3183 1147 3269 agundum

206 3268 360 3352 attribuit,
386 3268 505 3335 Aulum
530 3268 684 3335 Manlium
710 3268 849 3354 legatum
871 3293 942 3334 cum
964 3269 1145 3335 cohortibus

206 3354 362 3441 expeditis
383 3355 425 3420 ad
440 3356 589 3443 oppidum
602 3354 703 3440 Laris,
726 3355 781 3420 ubi
804 3353 993 3442 stipendium
1014 3364 1046 3420 et
1060 3376 1145 3420 com·
1162 3371 1193 3423 at

207 3449 344 3504 meatum
364 3439 540 3526 locaverat,
573 3443 619 3506 irs
640 3440 728 3507 iubet
755 3442 930 3528 [dicitquelr
953 3463 987 3505 ae
1013 3439 1144 3527 praeda·

206 3523 346 3590 bundum
371 3533 443 3610 post
469 3547 587 3611 paucos
616 3526 683 3590 dies
717 3526 828 3592 eodem
862 3534 1039 3592 venturum.
1088 3523 1145 3592 sio
