2502 3968
418 195 624 262 Odfflffld
644 197 782 263 32-34
1031 203 1071 265 21

147 367 354 451 recedebant,
377 376 409 432 et
429 367 470 432 ab
492 367 638 432 incendio
652 367 856 454 intellegebat
870 369 980 436 urbem
994 371 1069 455 vigi·

123 391 176 518 liis
211 457 379 536 munitam,
417 462 578 540 optumum
613 453 699 518 factu
730 455 862 518 credens
899 456 1073 520 exercitimi

123 561 241 624 augere
269 561 307 604 ac
335 540 422 627 prius
442 560 537 687 quam
557 538 698 624 legiones
721 540 931 604 scriberentur
954 539 1071 621 [multa]

122 633 326 710 antecapere
348 646 429 711 quae
474 623 535 689 ello
557 646 617 688 usn
638 623 749 707 forent,
771 634 864 690 nocte
884 627 1072 710 intempesta

98 730 196 778 teum
217 711 326 795 paucis
348 711 381 772 in
401 708 562 773 Manliana
589 719 692 774 castre
719 710 877 796 profectus
901 718 963 780 est.
1008 708 1096 779 seda

123 793 266 879 Cethego
278 803 372 880 atque
383 793 526 875 Lentulo,
545 796 719 881 ceterisque
735 816 866 944 quornm
882 803 1072 880 cognoverat

120 887 300 965 promptam
322 879 501 962 audaciam,
523 879 667 962 mandat,
690 884 744 966 qui
766 902 803 944 us
824 880 919 944 rebus
941 895 1071 966 possint,

122 986 200 1052 opes
220 963 365 1029 factionis
389 963 589 1045 confirment,
611 963 741 1028 insidias
764 963 885 1029 consuli
906 973 1071 1048 maturent,

121 1050 253 1114 caedem
273 1049 420 1114 incendia
441 1047 565 1136 aliaque
587 1047 665 1113 belli
684 1050 825 1114 facinora
845 1059 973 1137 parent:
1002 1071 1072 1115 sese

79 1157 110 1208 lo
119 1158 178 1222 pro
202 1135 305 1200 ediem
317 1157 388 1200 cum
397 1157 512 1220 magno
529 1136 670 1200 exercitu
684 1135 725 1199 ed
738 1135 849 1200 urbem
863 1159 1072 1201 accessurum

219 1243 273 1286 um
294 1221 373 1284 haec
393 1220 512 1286 Romae
541 1230 707 1305 geruntur,
738 1219 838 1286 Gaius
865 1220 1002 1284 Manlius
1031 1243 1073 1285 ex
1082 1239 1121 1293 33

121 1327 178 1370 suo
201 1328 331 1370 numero
354 1306 474 1390 legatos
497 1305 539 1370 ad
559 1305 712 1370 Marcium
732 1306 852 1391 Regem
880 1307 975 1370 mittit
1001 1328 1072 1371 cum

119 1391 276 1455 mandatis
291 1391 538 1455 huiuscemodi:
565 1386 664 1455 'Deos
686 1391 891 1477 hominesque
912 1399 1071 1473 testamur,

119 1478 306 1563 imperator,
329 1498 387 1540 nos
410 1498 497 1539 arma
517 1498 620 1562 neque
642 1486 751 1541 contra
778 1478 912 1563 patriam
940 1477 1070 1563 cepisse,

80 1582 109 1630 15
118 1583 223 1649 noque
245 1583 307 1648 quo
328 1561 504 1647 periculum
518 1560 588 1625 aliis
603 1561 785 1645 faceremus,
808 1561 866 1626 sed
880 1563 926 1626 uti
941 1584 1072 1647 corpora

118 1657 229 1712 nostra
257 1645 299 1712 ab
328 1646 442 1712 iniuria
470 1655 538 1711 tuta
558 1646 676 1729 forent,
707 1648 776 1733 qui,
803 1649 911 1712 miseri
933 1669 950 1710 e
973 1655 1071 1729 entes,

118 1733 274 1798 violentia
312 1741 406 1820 atque
444 1731 627 1796 crudelitate
666 1732 898 1797 faeneratorum
928 1670 1072 1818 plerique

118 1819 239 1905 patria,
273 1818 330 1883 sed
371 1840 479 1882 omnes
516 1817 600 1882 fama
636 1826 730 1903 atque
759 1817 891 1882 fortunis
924 1826 1071 1915 expertes

119 1925 245 1986 sumus;
267 1925 370 1990 neque
384 1913 526 1967 nostrum
547 1904 693 2002 cuiquqm
714 1901 802 1968 licriit
816 1923 903 1969 more
917 1922 1072 1965 malorum

76 1989 150 2058 nole
174 2011 192 2052 e
220 1989 266 2053 uti
299 2011 401 2075 neque
430 1990 545 2052 amisso
573 1989 760 2073 patnmonio
789 1986 924 2052 liberum
957 2005 1071 2072 corpus

118 2012 255 2141 halmre:
284 2083 371 2138 tanta
393 2074 524 2138 saevitia
544 2071 776 2137 faeneratorum
798 2082 830 2136 et
851 2094 891 2136 ue
918 2072 1071 2158 praetoris

119 2160 186 2222 fuit
217 2157 320 2245 Saepe
334 2160 468 2223 maiores
482 2167 632 2238 vostrum,
648 2159 769 2222 miserti
783 2095 885 2242 plelsis
901 2157 1096 2240 Romanaqt

119 2244 254 2309 decretis
271 2246 335 2308 suis
350 2245 474 2329 inopiae
490 2245 556 2306 eius
572 2241 715 2328 opitulaui
729 2251 817 2325 sunt,
839 2265 877 2308 ac
891 2243 1072 2308 novissume

119 2331 273 2392 memoria
301 2338 408 2392 nostra
436 2338 564 2413 proter
592 2327 841 2412 magnitudinem
862 2330 943 2394 aeris
966 2327 1070 2408 alieni,

76 2431 110 2480 25
120 2413 302 2479 volentibus
329 2411 473 2478 omnibus
494 2352 609 2495 Iironis,
640 2422 804 2498 argentum
833 2436 906 2478 aere
935 2412 1071 2478 solutum

120 2508 185 2580 est;
208 2521 302 2584 saepe
325 2501 394 2584 ipsa
415 2498 541 2586 plebes,
571 2508 625 2562 aut
658 2498 839 2563 dominandi
868 2499 970 2564 studio
1024 2519 1094 2568 ero

119 2595 206 2648 mota
227 2594 281 2648 aut
302 2585 450 2670 superbia
470 2585 723 2668 magistratuum,
748 2593 868 2648 armata
888 2606 909 2647 a
928 2522 1069 2669 patrdsus

121 2670 260 2733 secessit.
304 2669 348 2733 At
369 2691 426 2734 nos
449 2692 513 2734 non
534 2671 701 2753 imperium
722 2691 826 2755 neque
842 2669 967 2734 divitias
989 2669 1095 2754 peti-4

120 2777 206 2836 mus,
238 2776 369 2855 quarum
396 2769 501 2818 rerum
531 2776 642 2818 caussa
670 2752 756 2818 bella
784 2763 877 2840 atque
900 2755 1070 2818 certamina

78 2864 112 2912 30
121 2841 228 2904 omnia
240 2850 323 2904 mter
336 2840 475 2904 mortalis
492 2848 571 2920 sunt,
589 2838 645 2904 sed
659 2838 845 2921 libertatem,
869 2862 962 2925 quam
976 2858 1068 2903 nemo

120 2925 224 2990 bonus
245 2927 307 2990 nisi
330 2948 400 2988 oum
423 2927 527 2994 anima
549 2923 641 2988 simul
658 2925 780 2988 amittit
810 2924 857 2988 Te
872 2933 965 3010 atque
980 2942 1093 2992 sena-5

121 3019 188 3074 tum
221 3009 427 3092 obtestamur,
462 3009 630 3074 consulatis
666 3010 788 3073 miseris
818 3008 956 3091 civibus,
989 3007 1069 3092 legis

121 3093 330 3180 praesidium,
361 3094 445 3180 quod
465 3096 612 3182 iniquitas
641 3096 794 3180 praetoris
822 3095 950 3178 eripuit,
979 3094 1069 3158 resti·

120 3182 232 3261 tuatis,
254 3202 335 3244 neve
356 3178 447 3244 nobis
470 3201 539 3244 eam
557 3179 821 3244 necessitudinem
842 3179 1013 3264 inponatis,
1034 3186 1070 3244 ut

79 3287 325 3352 requireremus,
356 3286 492 3350 quonam
513 3263 606 3329 modo
636 3286 782 3330 maxume
804 3263 862 3330 ulti
884 3265 1069 3350 sanguinem

121 3359 263 3416 uestrum
283 3345 465 3434 pereamus.’

185 3433 237 3501 Ad
276 3433 355 3498 haec
390 3432 524 3513 Quintus
557 3432 694 3499 Marcius
727 3435 912 3520 respondet:
954 3433 1114 3522 Siquidm
