2520 3966
184 177 245 244 136
490 177 654 246 ORATIO
676 177 826 244 LEPIDI

120 383 122 388 v
171 351 273 422 facus
296 373 392 440 quam
412 347 599 417 formidatus
635 359 683 418 eet
708 360 774 417 tam
803 357 1039 419 contemnetur:
1068 352 1135 418 nisi

181 439 264 504 forte
292 437 397 542 specie
430 438 618 504 concordiae
648 447 680 506 at
700 439 805 526 pacis,
840 459 923 526 quae
957 437 1071 504 sceleri
1102 447 1137 504 et

204 525 334 590 aricidrc
363 546 421 588 suo
442 525 571 590 nomina
592 524 721 608 indidit3
750 545 855 612 neque
871 521 963 590 aliter
984 547 1053 590 rem
1073 547 1136 611 pu-

181 548 298 677 dlicam
320 618 352 676 et
372 608 450 675 belli
470 609 567 676 finem
589 611 642 694 ait,
655 611 718 676 nisi
739 619 867 676 maneat
889 610 1022 696 expulsa
1044 611 1135 698 agris

180 696 301 784 plebes,
323 696 445 783 praeda
467 696 568 762 civilis
591 696 822 782 acerbissuma,
845 698 895 762 ius
915 695 1067 762 iudicium
1089 719 1162 772 ¹105

181 785 321 849 omnium
342 805 450 848 rerum
471 805 570 870 penes
593 805 642 867 ee,
666 784 751 872 quod
777 783 886 871 populi
906 783 1042 850 Romani
1073 831 1074 834 ,
1100 783 1135 848 ἰ

138 871 170 921 ²⁵
184 868 275 949 Quae
299 871 325 934 si
346 867 437 936 vobis
459 892 524 957 pax
547 879 579 935 et
600 892 660 936 con
682 871 763 936 onita
791 869 1033 956 intelleguntm,
1065 890 1137 934 mn·

182 979 279 1022 numa
300 955 502 1022 turbamenta
523 958 572 1022 rei
592 893 739 1043 pubiicae
756 965 854 1058 atque
870 957 966 1021 exitia
986 952 1135 1057 probate,

183 1041 312 1110 adnuite
334 1041 458 1130 legibus
487 1044 642 1130 inpositis,
665 1044 799 1130 accipite
819 1043 917 1109 otium
939 1063 1011 1108 cum
1034 1063 1137 1107 servr-

64 1183 66 1190 ,
182 1129 225 1195 tio
248 1138 279 1194 et
299 1131 415 1194 tradite
445 1129 625 1217 exemplum
645 1129 780 1216 posteris
814 1129 855 1194 ad
882 1151 951 1194 ram
972 1126 1136 1214 publicam
1149 1157 1181 1209 ω

141 1217 172 1267 ²⁶
183 1216 296 1280 suimet
318 1216 480 1304 sanguinis
502 1215 650 1282 mercede
672 1215 994 1282 circumveniundam.
1043 1213 1134 1299 Mihi,

182 1323 375 1404 quamquam
396 1325 456 1390 per
476 1301 537 1368 hoc
570 1323 727 1368 summum
748 1302 917 1389 imperitum
938 1301 1015 1366 antis
1038 1321 1136 1388 quae-
1248 1319 1249 1328 ¹

182 1395 276 1452 ertum
298 1396 367 1455 erat
388 1388 508 1453 nomini
536 1389 708 1471 maiorum,
738 1387 770 1452 di
817 1389 824 1403 '

179 1474 347 1624 fraesidio,
371 1483 478 1539 tamen
504 1496 569 1539 non
601 1474 660 1540 fuit
692 1411 858 1540 consdiiim

913 1396 1010 1490 atque
1039 1387 1136 1452 etiam

192 1581 295 1642 acere,
318 1561 484 1647 potiorque
505 1561 575 1625 visa
598 1569 646 1626 est
659 1560 840 1648 periculosa
860 1482 1136 1648 dididdrquiid
1148 1583 1179 1636 ιι

137 1647 168 1700 ²⁷
179 1646 318 1712 servitio.
342 1644 433 1726 Quae
457 1646 485 1710 si
527 1644 655 1731 robatis,
680 1646 798 1731 adeste,
820 1644 972 1731 Quirites,
998 1654 1030 1712 et
1050 1643 1136 1716 bane

178 1730 359 1798 iuvantibus
382 1732 463 1798 divis
513 1755 622 1798 arcum
640 1732 811 1798 Aemilium
833 1731 996 1799 consulem
1021 1730 1134 1798 ducem

178 1827 210 1886 et
230 1828 391 1886 auctorem
414 1819 580 1906 sequimini
603 1819 644 1884 ad
665 1819 882 1906 recipiundam
903 1813 1092 1886 libertatem.
