2520 3966
180 185 241 252 loo
507 185 734 252 lvevurfln
756 187 798 251 85

129 357 180 414 fib¹
239 351 325 421 'Soio
338 377 406 442 ego,
428 354 575 440 Quirites,
603 357 771 446 plerosque
785 380 850 424 non
871 358 992 426 eisdem
1009 360 1130 427 artibus

179 443 346 529 imperium
374 463 393 506 a
421 442 512 509 vobis
533 453 642 529 petere
672 454 703 510 et
728 454 895 531 postquam
922 447 1031 533 adepti
1058 456 1132 513 sunt

180 551 307 679 ἔειπες
343 530 445 615 primo
482 529 652 594 industrios
690 531 841 617 supplicis
874 531 1017 598 modicos
1048 555 1132 616 esse,

203 615 255 679 ein
275 637 334 701 per
354 615 515 700 ignaviam
538 623 569 679 et
591 617 771 702 superbiam
786 625 921 683 aetatem
935 640 1041 704 agere.
1065 617 1134 684 Sed

157 701 375 772 amihioontra
383 700 567 784 eavidetur3
578 725 653 766 nam
662 713 778 788 quanto
786 703 886 788 pluris
902 705 1159 786 [est]univorsa5

180 809 232 852 res
254 786 383 873 publiea
405 809 499 874 quam
514 787 693 853 consulatus
710 797 764 852 aut
805 798 940 872 raetiua,
957 811 994 856 eo
1010 791 1133 856 maiore

181 895 257 938 eura
290 871 378 936 illam
414 871 625 938 administrari
661 896 755 960 quam
783 812 867 939 baso
898 876 965 960 peti
1001 874 1133 940 debere.

156 959 290 1045 aNeque
311 979 363 1022 me
386 957 482 1040 fallit,
513 968 663 1045 quantum
686 982 757 1024 oum
779 982 928 1025 maxumo
950 970 1059 1026 vostro
1075 960 1133 1026 be·
1243 1005 1244 1050 ,

179 1045 284 1109 nifieio
299 1046 409 1130 negoti
424 1045 604 1109 sustineam.
619 1045 747 1110 Bellum
759 1067 883 1132 parare,
900 1044 993 1111 simul
1010 1051 1062 1128 [et]
1080 1069 1134 1112 ae·
1243 1061 1244 1128 l

178 1131 262 1197 rario
277 1150 417 1216 parcere,
431 1151 544 1215 eogere
559 1131 601 1195 ad
615 1131 759 1196 militiam
774 1153 827 1195 eos
844 1153 922 1218 quos
936 1131 1019 1196 nolis
1035 1132 1179 1204 offen-10
1243 1149 1244 1180 l

181 1216 265 1300 dere,
282 1215 367 1282 domi
388 1216 526 1301 forisque
543 1219 648 1282 omnia
669 1238 795 1300 aurare,
820 1225 851 1280 et
873 1239 911 1282 ea
932 1239 1027 1302 agere
1048 1218 1135 1282 inter

181 1302 305 1368 invidos
321 1304 513 1367 occursantis
533 1303 690 1386 factiosos,
707 1304 863 1388 opinione,
876 1300 1025 1387 Quirites,
1041 1325 1135 1390 aspe-

157 1391 246 1463 rrius
269 1396 326 1452 est.
368 1387 422 1451 Ad
443 1387 513 1471 hoo,
537 1388 591 1452 alii
614 1391 641 1454 si
663 1388 834 1475 deliquere,
856 1398 949 1454 vetus
970 1389 1133 1474 nobilitas,

181 1475 335 1540 maiorum
356 1473 450 1538 fortia
471 1473 565 1558 facta,
589 1496 625 1539 oo
689 1484 793 1540 torum
815 1483 847 1538 et
869 1474 1021 1540 adfinium
1043 1497 1134 1562 opes,

181 1558 298 1625 multae
321 1558 495 1642 clientelae,
512 1562 617 1625 omnia
627 1498 710 1625 iiie
724 1561 882 1646 praesidio
906 1560 1038 1626 adsunt:
1053 1560 1178 1632 mihi15

182 1667 255 1732 spes
279 1666 387 1708 omnes
409 1646 443 1708 in
457 1655 574 1710 memet
589 1647 677 1730 sitae,
695 1668 773 1734 quas
795 1668 928 1712 neeesse
943 1655 992 1712 est
1013 1647 1135 1712 virtute
1243 1705 1244 1732 ,

157 1740 215 1804 set
234 1731 415 1796 innocentia
436 1733 547 1816 tuta1i;
569 1755 644 1797 nam
659 1731 722 1796 alia
742 1733 868 1797 infirma
889 1741 971 1798 sunt.
993 1731 1037 1796 Et
1052 1731 1135 1798 illud

180 1816 348 1902 intellego,
380 1815 537 1900 Quirites,
567 1819 706 1882 omnium
734 1841 790 1884 ora
817 1821 852 1882 in
886 1841 938 1884 me
975 1840 1134 1884 convorsa

182 1925 268 1987 esse,
291 1925 408 1988 aequos
437 1902 601 1990 bonosque
622 1903 730 1968 favere
749 1942 792 1954 —
811 1907 927 1992 quippe
956 1926 1028 1969 mea
1048 1902 1134 1968 bene
1243 1965 1244 1992 ,

181 1989 266 2055 faeta
285 1989 333 2052 rei
354 1987 502 2074 publicae
524 1989 700 2075 procedunt
720 2027 779 2074 -,
800 1990 999 2055 nobilitatem
1025 1987 1178 2061 loeum20
1243 1997 1244 2000 ’

156 2073 352 2147 sinvadendi
381 2096 541 2162 quaerere.
586 2074 656 2154 Quo
693 2075 770 2140 mihi
797 2077 900 2140 aerius
927 2075 1134 2140 adnitendum

157 2169 259 2246 resa·
274 2163 321 2226 uti
347 2182 451 2247 neque
480 2183 537 2226 vos
568 2161 751 2247 capiamini,
781 2169 812 2226 et
840 2160 888 2224 illi
913 2160 1030 2226 frustra
1058 2162 1134 2226 siut.
1243 2188 1244 2204 ¹

181 2249 232 2314 Ita
252 2247 294 2313 ad
315 2247 376 2312 hoo
399 2248 509 2312 aetatis
532 2271 551 2311 a
572 2247 707 2332 pueritia
728 2246 787 2330 fui,
810 2247 858 2310 uti
880 2248 981 2310 omnis
1004 2245 1133 2312 labores
1243 2277 1244 2286 ¹

157 2343 215 2404 tet
243 2331 385 2436 pericula
418 2340 568 2398 consueta
603 2331 747 2396 habeam.
793 2330 884 2411 Quae
920 2339 993 2396 ante
1021 2341 1135 2398 vostra

182 2418 330 2486 benificia
351 2418 486 2502 grabrito
509 2417 678 2501 faciebam,
702 2440 740 2482 ea
761 2419 808 2481 uti
830 2439 905 2482 aeae
929 2425 961 2482 ta
982 2417 1133 2484 mercede
1144 2439 1177 2489 25
1243 2461 1244 2516 ἐ

159 2506 337 2588 sdeseram,
360 2525 424 2567 non
447 2511 495 2567 est
517 2502 692 2587 eonsilium,
716 2502 867 2583 Quirites.
939 2502 978 2567 lis
1001 2502 1134 2570 difficile

184 2600 233 2657 est
253 2591 288 2655 in
308 2588 517 2676 potestatibus
539 2597 733 2676 temperare,
762 2590 824 2690 qui·
835 2611 895 2677 per
926 2588 1134 2654 ambitionem
1243 2595 1244 2624 ²

183 2699 253 2743 sese
274 2675 391 2763 probos
414 2674 621 2759 simulavere3
644 2675 741 2759 mihi,
772 2697 826 2761 qm
848 2696 973 2740 onmem
994 2683 1133 2740 aetatem

182 2765 215 2829 iu
237 2763 372 2848 optumis
402 2760 521 2826 artibus
551 2763 619 2848 egi,
647 2760 729 2825 bene
757 2760 862 2825 faeere
893 2762 957 2825 iam
987 2783 1028 2825 ex
1056 2781 1132 2826 oon·
1243 2793 1244 2806 κ

183 2849 349 2918 suetudine
370 2849 404 2913 in
425 2856 570 2913 naturam
591 2849 697 2911 vortit.
1143 2849 1182 2920 30'

145 2957 173 3009 ro
245 2935 372 3001 Bellum
393 2957 444 3000 me
467 2955 577 3020 gerere
600 2955 671 2998 oum
693 2932 845 3018 Iugurtha
865 2933 1009 3017 iussistis,
1036 2954 1134 3019 quam

181 3045 250 3089 rem
264 3020 413 3086 nobilitas
429 3042 614 3106 aegerrume
627 3017 707 3082 tulit.
747 3017 882 3102 Quaeso,
897 3025 1041 3104 reputate
1057 3039 1133 3084 eum

182 3109 295 3174 animis
317 3108 447 3191 vostris,
475 3129 551 3171 num
577 3105 611 3168 id
632 3114 753 3170 mutare
774 3104 887 3170 melius
916 3106 972 3187 sit,
1007 3104 1132 3190 siquem

183 3217 224 3260 ex
245 3192 301 3258 illo
323 3192 418 3278 globo
441 3192 615 3258 nobilitatis
645 3190 687 3255 ad
707 3190 769 3256 hoo
799 3200 853 3254 aut
881 3188 967 3256 aliud
988 3188 1052 3253 tale
1073 3211 1131 3254 ne·

182 3281 303 3366 gotium
314 3279 456 3362 mittatis,
478 3277 639 3344 hominem
652 3279 769 3340 veteris
790 3279 958 3362 prosapiae
976 3280 1034 3354 [aa]
1050 3276 1174 3347 mul-as
1243 3323 1244 3330 .

181 3375 284 3430 tarum
312 3364 485 3450 imaginum
513 3374 545 3428 et
569 3363 687 3428 nullius
717 3355 869 3448 stipendi,
898 3361 1020 3444 scilieet
1040 3372 1075 3427 ut
1095 3383 1131 3426 m

182 3459 269 3518 tauta
297 3473 333 3517 re
361 3451 490 3538 ignarus
517 3450 655 3516 omnium
686 3447 823 3536 trepidet
857 3447 998 3533 festinet,
1028 3456 1132 3518 sumat
