2520 3966
385 215 771 308 nummu-w
1003 212 1064 293 ‘ll
1162 220 1166 230 ’

99 417 191 466 more
212 395 333 464 bellum
360 397 555 485 gerundunn·
590 395 702 484 Itaque
730 395 766 480 in
790 391 959 462 Numidiae
992 391 1088 464 loces

101 483 353 574 opulentissuma
378 485 499 573 pergit,
530 505 625 570 egros
652 490 773 567 vostat,
806 479 907 546 multe
933 479 1064 547 castella

101 581 135 637 et
157 571 290 723 oppida,
312 581 432 637 temere
453 571 576 637 munita
597 579 651 634 out
673 571 742 634 sine
767 567 945 656 praesidio,
979 568 1064 718 Ἕκ
1132 603 1135 608 -

100 659 227 723 incen'
264 680 321 743 ue3
342 657 481 745 puberes
502 655 638 724 interfici
651 655 748 741 iubet,
771 655 836 722 ulie
857 655 964 721 omnic
1106 700 1123 736 ς,

71 753 170 824 stum
200 743 352 832 praedem
385 766 465 809 esse.
509 742 560 808 Ee
590 741 758 809 formidine
790 741 883 810 multi
913 739 1061 808 mortales
1099 743 1113 788 1⁴

99 829 252 897 Romanis
268 829 367 896 dediti
381 829 526 914 obsides3
548 829 741 894 frumentum
763 840 795 896 et
816 828 881 898 elie
901 851 982 916 quoe
1003 850 1061 895 usu
1133 841 1149 860 ²

99 917 206 984 forent
233 915 363 982 adfatim
391 915 552 1004 praebita,
580 916 772 1003 ubicumque
801 939 853 982 res
908 912 1062 982 ostnlabat
1113 918 1121 930 '¹

99 1003 294 1092 praesidium
311 1003 507 1106 inpositum.
552 1002 643 1084 Quae
674 939 928 1158 negotiumulto
961 1001 1063 1088 magr
1172 1025 1174 1030 ’

55 1090 381 1265 „ttttttttt
396 1089 1089 1265 tttttttffltttttitt
1153 1138 1156 1144 “

100 1264 192 1352 sequi
215 1263 402 1350 cogebatur,
437 1274 469 1330 et
498 1266 632 1350 quisue
657 1261 729 1330 loca
754 1263 926 1330 defendere
954 1264 1063 1350 nequi·

99 1359 208 1435 verat,
240 1351 275 1414 in
303 1349 415 1416 alienis
443 1349 565 1418 bellurn
593 1373 714 1438 gerere.
758 1351 882 1418 Tamen
907 1373 950 1416 ex
971 1349 1087 1436 copiae
1169 1366 1171 1372 ’

100 1437 187 1526 quod
209 1445 373 1525 optumum
392 1437 560 1506 videbatur
582 1437 748 1506 consilium
763 1461 802 1504 oe
823 1439 866 1504 it:
888 1437 1064 1503 exercitum

122 1524 288 1612 lerumque
315 1525 350 1588 in
379 1523 500 1591 eisdem
521 1527 600 1592 locis
623 1525 740 1614 operiri
760 1462 865 1608 iudet,
899 1525 969 1611 ipse
991 1545 1064 1590 cunr

56 1637 88 1688 to
98 1549 234 1699 delectis
268 1608 425 1713 equitibus
453 1611 620 1680 Metellum
648 1614 806 1699 sequitur,
838 1611 1001 1678 nocturnis
1032 1618 1064 1676 ct

100 1698 182 1764 eriis
203 1696 370 1763 itineribus
391 1698 555 1784 ignoratus
576 1699 736 1767 Romanos
765 1698 903 1786 palantis
931 1705 1063 1786 repente

16 1831 17 1848 t
100 1782 295 1870 adgreditur.
337 1781 460 1850 Eorum
480 1784 625 1874 plerique
646 1789 784 1852 inermes
807 1783 942 1869 cedunt,
971 1782 1105 1850 multitu

16 1849 17 1926 l
101 1871 285 1959 capiuntur,
306 1892 400 1937 nemo
424 1873 564 1940 omnium
577 1876 715 1940 intectus
729 1871 885 1960 profugit,
908 1879 941 1938 et
953 1870 1063 1937 Numi·

16 1971 17 1988 ¹
100 1958 172 2042 doe,
193 1957 283 2045 prius
306 1979 401 2045 quarn
423 1981 466 2026 ex
487 1962 599 2026 cestris
621 1958 852 2042 subveniretur,
875 1957 969 2024 sicuti
985 1952 1064 2024 iussi

54 2053 211 2129 merant,
232 2044 267 2110 in
287 2065 460 2132 proxumos
483 2046 574 2114 collis
597 2045 772 2112 discedunt

163 2131 297 2198 Interim
324 2130 445 2198 Romeo
474 2133 626 2220 gaudium
652 2134 765 2219 ingens
795 2139 901 2198 ortum·
928 2130 1110 2216 cognitisti

100 2215 225 2286 Metelli
237 2217 349 2302 rebus,
370 2227 406 2285 ut
428 2241 526 2374 serpe
548 2229 582 2286 et
602 2219 778 2286 exercitum
798 2239 887 2284 more
908 2217 1065 2284 maiorum

124 2313 244 2390 oneret,
266 2306 301 2370 in
322 2305 458 2374 advorso
494 2329 552 2374 ooo
573 2307 676 2372 victor
689 2314 797 2372 tomen
810 2305 928 2372 virtute
942 2301 1062 2386 inuncet,
1148 2323 1150 2330 ’

99 2330 240 2460 dostiurn
326 2415 345 2459 o
372 2393 543 2480 potiretur,
576 2389 993 2479 Iugurtbsmrmegnificum
1022 2412 1064 2454 ex

56 2501 91 2554 rs
99 2478 179 2546 Auli
201 2478 323 2544 socor‘
377 2501 470 2568 sporn
498 2481 608 2548 solutis
637 2480 672 2544 in
705 2477 874 2547 solitudine
907 2487 961 2544 aut
987 2477 1066 2562 fuga

102 2566 261 2654 coegisset
273 2564 402 2632 habere.
436 2567 548 2656 Itaque
572 2574 699 2632 senatus
721 2564 763 2634 ob
779 2587 818 2632 ea
838 2563 974 2630 feliciter
992 2571 1088 2628 actor

101 2653 171 2720 deis
192 2651 412 2719 inmortalibus
428 2676 487 2743 sup
511 2654 585 2720 licie
600 2653 785 2737 decernere,
808 2651 920 2716 civitas
940 2660 987 2716 tre
1010 2647 1066 2715 ido

101 2748 198 2805 antea
218 2747 251 2804 et
272 2738 408 2804 sollicite
430 2739 470 2806 de
488 2678 570 2806 lolli
591 2749 707 2806 eventu
729 2738 814 2804 loeta
839 2759 951 2824 ogere,
1034 2759 1065 2820 ¹u

102 2826 144 2892 de
164 2823 294 2890 Metello
315 2823 480 2913 praecluso
502 2849 582 2894 esse.

58 2935 92 2989 to
167 2910 270 2996 Igitur
296 2933 335 2979 eo
363 2914 515 2980 intentior
545 2913 587 2980 od
613 2914 780 2980 victoriam
808 2912 884 2994 niti,
918 2907 1088 2974 omnibusa

101 2997 206 3064 modis
220 2997 388 3076 festinare3
410 3021 526 3067 cavero
539 3009 648 3065 temen
661 2999 778 3066 necubi
790 2997 876 3064 hosti
890 3005 1064 3083 oportunus

102 3085 195 3152 lieret
202 3134 211 3170 ,
232 3089 415 3158 meminisse
424 3091 509 3174 'port
532 3085 667 3174 gloriam
688 3084 842 3152 invidiam
870 3084 971 3171 sequi.
1013 3081 1089 3149 Itct

104 3194 167 3259 quo
190 3171 304 3238 clarior
311 3220 320 3256 ,
354 3193 392 3238 co
413 3194 516 3260 magn
539 3174 653 3240 anxius
676 3181 759 3258 erat,
791 3191 896 3257 neque
924 3182 998 3258 post
1017 3171 1064 3234 'rn-

103 3257 201 3324 sidias
223 3257 394 3345 Iugurthae
423 3259 524 3328 effuso
554 3259 698 3326 exercitu
722 3256 885 3347 praeduri3
918 3254 975 3321 ubi
1001 3253 1065 3320 sru-
1134 3303 1139 3312 ,

60 3353 211 3417 tomento
240 3355 295 3410 cut
322 3345 441 3433 pabulo
471 3369 550 3435 opus
579 3355 662 3432 eret,
696 3345 842 3412 cohortes
874 3365 947 3410 cum
980 3343 1066 3408 omni

144 3431 246 3500 uitatu
278 3432 450 3502 rossidium
464 3432 644 3521 agitabunt3
666 3431 827 3499 exercitus
847 3438 972 3520 partem
985 3430 1065 3518 ipse,

103 3541 120 3582 r
154 3520 243 3606 'quos
252 3454 372 3588 lintius
385 3518 530 3588 duoebot.
553 3517 619 3586 ssd
639 3520 707 3606 igni
720 3518 823 3607 magis
838 3541 934 3609 quarn
947 3515 1091 3608 praedat
