2520 3966
415 237 643 306 'lavatus
665 239 705 305 31
1017 239 1056 304 71

96 414 324 482 dominationis
348 435 457 481 eorum
480 414 608 479 satietas
631 419 727 499 tenet,
752 420 783 479 et
796 409 854 478 illa
869 434 963 500 quam
977 410 1058 479 haec

94 511 246 589 tempora
259 505 361 588 magis
376 501 512 588 placent,
538 523 610 566 cum
631 521 732 586 regna
752 501 945 588 provinciae,
969 499 1057 586 leges

94 591 170 654 iura
191 588 318 672 iudicia,
341 588 429 653 bella
450 597 545 674 atque
566 610 678 674 paces,
707 596 868 674 postremo
897 585 1005 652 divina
1027 594 1059 652 et

95 676 239 740 humana
261 677 367 740 omnia
388 697 487 761 penes
509 695 629 762 paucos
652 683 755 758 erant,
778 696 837 739 vos
860 682 974 756 autern,
996 672 1058 738 hoc

64 772 149 827 5est
170 760 307 848 populus
329 761 507 845 Romanus,
536 762 648 826 invicti
670 761 710 826 ab
732 760 893 844 hostibus,
921 762 1057 847 impera·

96 859 184 914 tores
209 850 349 912 omnium
363 849 515 934 gentium,
539 849 615 912 satis
638 847 804 914 habebatis
828 849 965 912 animam
984 846 1057 910 reti·

95 957 194 1016 nere3
216 956 291 1014 narn
314 936 498 1000 servitutem
514 933 642 1022 quidem
658 937 727 1022 quis
745 943 889 1000 vostrum
910 953 1058 998 recusare

97 1019 262 1086 audebat?
305 1020 410 1109 Atque
433 1043 502 1106 ego,
526 1022 652 1085 tametsi
674 1023 742 1087 viro
765 1021 1057 1106 flagitiosissumum
1066 1027 1095 1080 21

98 1109 259 1172 existumo
282 1109 401 1194 inpune
424 1109 572 1171 iniuriam
596 1111 767 1194 accepisse,
791 1118 899 1172 tamen
920 1127 979 1172 vos
1001 1106 1057 1171 ho-

50 1221 84 1270 10
95 1193 238 1259 minibus
252 1194 513 1259 sceleratissumis
525 1195 701 1280 ignoscere,
715 1195 864 1282 quoniam
876 1194 962 1258 cives
975 1202 1056 1276 sunt,

95 1303 201 1368 aequo
225 1282 330 1346 animo
375 1292 493 1363 aterer,
527 1282 561 1344 ni
583 1282 801 1346 misericordia
828 1281 863 1346 in
889 1281 1058 1367 pernitiem

95 1390 213 1432 casura
229 1375 322 1432 esset.
345 1305 427 1432 llam
444 1375 475 1432 et
489 1365 562 1450 illis,
587 1377 739 1518 guantum
753 1368 987 1454 inportunitatis
1002 1365 1056 1429 ha·
1067 1375 1099 1425 22

93 1455 184 1537 bant,
193 1453 581 1541 parumestinpunemale
600 1456 710 1539 coisse,
723 1457 785 1519 nisi
793 1453 909 1519 deinde
916 1451 1057 1518 faciundi

94 1541 229 1605 licentia
241 1542 381 1626 eripitur,
395 1539 525 1606 etvobis
538 1550 667 1605 aeterna
679 1540 858 1606 sollicitudo
868 1539 1056 1622 remanebit,

51 1650 83 1698 15
96 1651 173 1692 curn
194 1626 387 1712 intellegetis
412 1636 467 1692 aut
489 1627 694 1693 serviundum
718 1650 788 1693 esse
804 1637 858 1693 aut
871 1650 930 1714 per
943 1649 1056 1692 manus

94 1713 502 1779 libertatem'retinendam.
525 1714 607 1778 Nam
622 1714 697 1780 fidei
714 1713 842 1802 quidem
857 1724 912 1780 aut
927 1735 1055 1780 concor·
1066 1718 1097 1770 23

95 1799 171 1864 diae
195 1822 275 1886 quae
299 1823 372 1886 spes
396 1800 469 1866 est?
493 1800 648 1866 dominari
671 1801 718 1866 illi
738 1801 859 1884 volunt,
883 1822 941 1865 vos
964 1799 1057 1865 liberi

96 1909 185 1969 esse3
197 1887 303 1950 facere
315 1885 363 1950 illi
374 1887 515 1970 iniurias,
525 1910 583 1952 vos
591 1888 779 2038 prohibere3
791 1897 952 1975 postremo
961 1887 1055 1952 sociis

94 1974 214 2038 vostris
226 1972 327 2037 veluti
338 1972 493 2057 hostibus,
507 1973 590 2038 hosti
614 1997 650 2039 us
662 1998 720 2061 pro
733 1977 827 2040 sociis
839 1981 985 2040 utuntur:
1000 1994 1055 2060 po·
1066 1975 1098 2026 24

49 2084 83 2134 20
95 2068 202 2125 testne
213 2061 247 2123 in
258 2069 322 2124 tarn
335 2059 470 2125 divorsis
487 2061 645 2125 mentibus
657 2084 724 2147 pax
740 2071 795 2126 aut
811 2061 951 2126 amicitia
962 2058 1056 2125 esse?

163 2145 270 2225 Quare
292 2168 406 2212 moneo
429 2146 539 2212 hortor
561 2170 601 2212 ue
623 2170 699 2231 vos,
729 2171 771 2213 ne
800 2156 923 2212 tantum
952 2144 1098 2212 scelus25

94 2233 277 2320 inpunitum
307 2233 469 2299 amittatis.
552 2255 593 2298 on
622 2233 787 2320 peculatus
824 2236 927 2300 aerari
954 2233 1056 2300 lactus

96 2328 163 2403 est,
192 2342 298 2406 neque
320 2342 378 2406 per
405 2323 471 2385 vim
501 2321 596 2386 sociis
620 2323 748 2409 ereptae
770 2323 943 2409 pecuniae,
975 2342 1056 2409 quae

95 2429 289 2494 quamquam
304 2408 416 2492 gravia
431 2415 512 2491 sunt,
536 2416 643 2472 tamen
665 2407 893 2474 consuetudine
915 2409 979 2474 iam
997 2429 1056 2494 pro

51 2521 84 2570 25
94 2493 197 2558 nihilo
219 2492 392 2558 habentur}
416 2488 500 2558 besti
523 2516 688 2560 acerrumo
710 2496 837 2581 prodita
860 2495 962 2560 senati
984 2516 1056 2559 auc·

95 2581 217 2662 toritaS,
242 2580 403 2666 proditum
425 2582 595 2666 imperium
616 2590 777 2666 vosuum3
802 2582 888 2646 dorni
909 2582 1055 2645 militiae·

97 2689 159 2752 que
189 2688 241 2731 res
270 2666 399 2753 publica
427 2666 551 2732 venalis
581 2667 649 2732 fuit.
700 2667 791 2747 Quae
820 2669 883 2732 nisi
913 2667 1056 2754 quaesita
1064 2667 1097 2719 2⁶

97 2761 199 2836 erunt,
221 2754 285 2818 nisi
306 2752 502 2820 vindicatum
524 2755 558 2818 in
579 2755 708 2837 noxios,
732 2754 810 2840 quid
832 2756 891 2820 erit
911 2753 1054 2835 relicum,

94 2841 160 2904 nisi
181 2847 216 2904 ut
237 2839 318 2922 illis,
350 2842 404 2925 qui
430 2863 471 2904 ea
499 2840 621 2923 fecere,
653 2841 857 2907 oboedientes
885 2839 1055 2906 vivamus?

52 2926 179 3006 30Nam
206 2929 330 3013 inpune
354 2949 435 3012 quae
458 2925 547 2991 lubet
568 2927 692 3012 facere,
715 2927 750 2993 id
772 2935 877 2994 estre
901 2949 951 2992 em
974 2949 1054 2992 esse.

93 3013 208 3100 Neque
231 3036 290 3099 ego
318 3035 393 3096 vos,
426 3011 582 3096 Quirites,
612 3013 736 3098 hortor,
767 3024 802 3080 ut
827 2951 944 3080 malitis
975 3014 1095 3080 civis2l

95 3109 221 3165 vostros
243 3122 412 3186 perperam
433 3121 528 3187 quam
550 3110 636 3165 recte
658 3101 782 3185 fecisse,
807 3101 926 3167 sedne
948 3102 1054 3186 ignos-

97 3187 200 3252 cendo
222 3186 314 3250 malis
344 3186 445 3252 bonos
475 3187 634 3272 perditum
658 3189 746 3252 eatis.
789 3186 844 3251 Ad
872 3186 934 3252 hoc
962 3189 1096 3252 inraso

95 3273 226 3360 publica
255 3272 353 3338 multo
382 3282 523 3359 praestat
551 3272 688 3338 benifici
738 3296 812 3338 uam
841 3272 979 3339 malifici
1006 3275 1053 3339 in·

55 3383 87 3433 35
97 3382 272 3426 memorem
295 3381 382 3444 esse;
414 3358 515 3424 bonus
538 3299 755 3426 tantummolo
786 3361 913 3446 segnior
935 3359 972 3425 fit
998 3359 1055 3425 ubi

96 3447 266 3534 neglegas,
289 3445 445 3511 samalus
474 3445 647 3532 inprobior.
692 3446 746 3512 Ad
773 3445 835 3514 hoc
864 3448 892 3514 si
919 3447 1096 3514 iniuriam

96 3558 161 3602 non
184 3535 256 3617 sint,
279 3531 365 3600 haud
387 3555 484 3621 saepe
506 3532 606 3600 auxili
629 3533 746 3618 egeas!
