2520 3966
190 203 231 268 ra
474 201 700 268 weuram
724 203 850 269 sr-ss
1018 157 1025 164 ’

139 389 181 443 ³2
252 369 344 435 Haec
371 379 465 458 atque
497 371 560 436 alia
598 371 728 437 huiusce
757 372 844 438 modi
877 394 973 438 sace
1005 373 1138 440 dicundo

189 455 355 521 Memmius
376 454 493 543 populo
512 456 700 541 persuadet,
721 459 768 522 uti
788 457 906 523 Lucius
929 395 1068 543 danius,
1090 459 1140 546 qui

190 550 256 605 tum
276 549 403 626 praetor
425 551 508 625 erat,
531 543 572 606 ad
591 541 775 626 Iugurtham
796 544 985 627 mitteretur,
1008 565 1140 630 eumque
1239 569 1240 578 ²

193 627 375 726 interposita
395 626 458 690 fide
479 626 609 713 publica
620 627 754 692 Romam
774 627 912 704 duceret,
935 650 997 714 quo
1018 628 1142 693 facilius
1239 627 1240 690 3

193 711 307 776 'ndicro
334 713 418 795 regis
446 710 558 776 Scauri
586 721 618 775 et
644 711 837 797 reliquorum
844 760 854 794 ,
881 735 960 799 quos
988 715 1161 799 pecuniaet
1239 717 1240 726 ’

192 805 301 882 captae
324 796 544 879 accersebant,
568 795 684 860 delicta
703 797 899 883 patefierent.

167 901 181 950 t
253 881 339 944 Dum
375 880 455 945 haec
486 882 606 946 Romae
638 891 802 966 gerrmtur,
843 883 897 968 qui
928 882 963 947 in
993 883 1143 948 Numidia
1239 877 1240 918 ³

190 965 292 1030 relicti
320 963 468 1029 aBestia
497 967 649 1030 exercitui
673 975 857 1052 praeerant,
891 967 991 1032 secuti
1022 990 1142 1033 morem
1239 1035 1240 1040 ,

189 1051 386 1138 imperatoris
409 1052 458 1115 sui
486 1051 631 1137 pluruma
660 1061 692 1114 et
720 1051 975 1136 flagitiosissuma
1002 1052 1143 1118 facinora
1239 1063 1240 1124 Τ

166 1137 311 1200 eiecere:
333 1135 431 1219 fuere,
454 1137 508 1222 qui
529 1157 605 1198 auro
622 1138 759 1222 corrupti
774 1135 956 1222 elephantos
971 1137 1143 1223 Iugurthae
1153 1161 1183 1210 ro
1239 1127 1240 1166 l

190 1221 365 1304 traderent,
399 1221 454 1284 alii
481 1219 630 1308 perfugas
658 1221 814 1304 vendere,
847 1244 920 1307 pars
951 1245 993 1286 ex
1021 1225 1143 1309 pacatis

166 1307 324 1392 spraedas
347 1304 501 1391 agebant:
530 1315 618 1371 tanta
645 1306 694 1369 vis
718 1307 868 1371 avaritiae
890 1309 1010 1371 animos
1035 1330 1143 1372 eorum

190 1391 289 1456 veluti
310 1391 399 1454 tabes
420 1391 588 1456 invaserat.

168 1497 181 1544 5
254 1475 298 1540 At
320 1475 465 1559 Cassius,
494 1476 617 1562 perlata
641 1477 804 1561 rogatione
834 1499 853 1539 a
882 1475 962 1540 Graio
990 1476 1143 1540 Memmio

192 1582 230 1625 ac
250 1559 397 1646 perculsa
419 1563 503 1625 omni
524 1561 703 1643 nobilitate,
732 1561 774 1624 ad
793 1561 977 1646 Iugurtham
997 1561 1142 1646 proficis·
1155 1581 1181 1630 rt
1239 1599 1240 1620 2

192 1647 287 1729 citur,
311 1644 402 1730 eique
423 1645 532 1710 timido
556 1654 587 1710 et
608 1669 650 1710 ex
671 1647 864 1709 conscientia
878 1645 1031 1709 diffidenti
1046 1645 1143 1711 rebus
1239 1653 1240 1696 Τ

192 1731 256 1794 suis
277 1729 463 1833 persuadet,
487 1733 633 1818 quoniam
655 1752 689 1794 se
704 1729 820 1816 populo
835 1730 976 1794 Romano
992 1730 1143 1813 dedisset,

190 1839 232 1881 ne
259 1839 326 1882 vnn
358 1839 452 1904 quam
479 1814 728 1881 misericordiam
757 1816 824 1879 eius
842 1815 992 1901 ‘experiri
1022 1815 1144 1881 mallet.

190 1903 343 1967 Privatim
363 1909 527 2004 practerea
547 1901 642 1965 fidem
665 1922 754 1964 suam
768 1901 947 1986 interponit,
972 1921 1067 1987 quam
1088 1901 1145 1965 ille

190 2010 254 2052 non
267 1989 397 2052 minens
434 2011 508 2050 uam
520 1985 681 2072 publicam
695 1984 844 2048 ducebat:
866 1985 939 2050 talls
955 2006 994 2049 ea
1006 1994 1144 2072 tempas·
1153 2009 1184 2059 so

141 2088 182 2147 aa
191 2081 254 2136 tate
268 2073 352 2136 fama
367 2011 529 2136 debassio
545 2079 620 2133 erat.
641 2069 742 2154 Igitur
756 2069 908 2155 iugurtha
921 2079 1030 2135 contra
1045 2070 1144 2136 decus

190 2159 313 2242 regium
328 2157 413 2222 cultu
419 2178 522 2304 guam
532 2176 680 2219 maxume
690 2154 864 2219 miserabili
875 2176 947 2219 cum
959 2155 1070 2220 Cassio
1080 2155 1144 2220 Ro-
1239 2205 1240 2258 ,

167 2261 275 2313 amam
293 2244 389 2305 venit.
451 2240 657 2306 ctametsiin
670 2240 739 2325 ipso
754 2261 871 2324 magna
883 2240 933 2305 vis
948 2241 1045 2304 animi
1059 2250 1143 2323 erat,
1239 2263 1240 2308 l

192 2326 392 2392 confirmatus
412 2324 452 2390 ab
469 2324 629 2408 omnibus,
652 2346 784 2411 quorum
800 2325 940 2410 potentia
954 2335 1008 2389 aut
1022 2321 1144 2389 scelere

192 2419 305 2476 cuncta
324 2433 363 2475 ea
381 2420 539 2495 gesserat,
561 2432 640 2496 quae
655 2432 750 2496 supra
765 2409 915 2492 diximus,
932 2409 1048 2474 Gaium
1061 2411 1143 2474 Bae·
1153 2429 1184 2478 25

191 2497 279 2561 bium
293 2496 453 2559 tribunum
467 2495 570 2582 plebis
584 2517 700 2580 magna
713 2494 860 2558 mercede
874 2502 973 2580 parat,
992 2496 1081 2558 cuius
1095 2497 1143 2560 in-

192 2583 331 2667 potentia
358 2582 535 2645 contraius
559 2589 590 2644 et
611 2581 740 2644 iniurias
764 2580 865 2643 omnis
891 2581 1028 2643 munitus
1050 2579 1142 2645 foret

168 2665 236 2738 aAt
248 2665 345 2730 Graius
359 2666 526 2730 Memmius
540 2665 693 2730 advocata
703 2665 858 2742 contione,
873 2686 1061 2751 quamquam
1073 2665 1144 2750 regi

192 2750 306 2815 infesta
325 2749 436 2837 plebes
464 2759 531 2815 erat
559 2760 591 2815 et
610 2773 684 2837 pars
706 2752 740 2814 in
759 2749 888 2814 vincula
907 2749 982 2813 duci
1002 2748 1143 2832 iubebat,
1239 2751 1240 2800 ἒ

193 2858 280 2922 pars,
303 2839 338 2900 ni
359 2836 460 2900 socios
484 2835 611 2900 sceleris
634 2836 683 2900 sui
705 2836 857 2921 aperiret,
879 2856 966 2898 more
987 2835 1143 2898 maiorum
1152 2857 1184 2906 so

194 2923 234 2986 de
254 2921 343 2986 hoste
359 2920 547 3007 supplicium
562 2922 655 3004 sumi,
679 2920 824 3006 dignitati
846 2941 939 3005 quam
959 2919 1025 2983 irae
1039 2920 1142 3004 magis
1239 2939 1240 2976 t

194 3006 360 3072 consulens
394 3006 506 3070 sedare
535 3016 638 3071 motus
660 3014 692 3069 et
722 3006 843 3070 animos
873 3026 979 3069 eorum
1006 3004 1141 3086 mollire,

193 3101 351 3177 postremo
373 3091 575 3174 confirmare,
603 3089 699 3154 fidem
727 3089 888 3176 publicam
916 3110 974 3174 per
996 3110 1066 3153 seso
1095 3090 1142 3152 in-

193 3175 343 3242 violatam
364 3176 440 3241 fore.
483 3176 574 3257 Post,
596 3175 651 3239 ubi
666 3174 825 3238 silentium
846 3175 966 3260 coepit,
987 3173 1141 3258 producto

169 3261 359 3346 rIugurtha,
379 3262 480 3326 rerba
499 3261 587 3343 facit,
609 3260 728 3324 Romae
749 3258 978 3346 Numidiaeque
999 3258 1141 3324 facinora
1149 3279 1181 3328 st

196 3349 262 3411 sius
278 3355 446 3428 memorat,
469 3346 590 3411 scelera
603 3346 637 3408 in
649 3354 772 3430 patrem
791 3344 967 3428 fratremne
989 3342 1141 3428 ostendit3

192 3429 308 3515 quibus
318 3431 497 3496 iuvantibus
509 3431 683 3518 quibusque
694 3430 844 3494 ministris
855 3448 894 3492 ea
908 3429 1017 3513 egerit,
1034 3449 1141 3514 quam·
