<?xml version="1.0" encoding="UTF-8"?>
<!DOCTYPE html PUBLIC "-//W3C//DTD XHTML 1.0 Transitional//EN"
    "http://www.w3.org/TR/xhtml1/DTD/xhtml1-transitional.dtd">
<html xmlns="http://www.w3.org/1999/xhtml" xml:lang="en" lang="en">
 <head>
  <title>
</title>
<meta http-equiv="Content-Type" content="text/html;charset=utf-8" />
  <meta name='ocr-system' content='tesseract 3.04.00' />
  <meta name='ocr-capabilities' content='ocr_page ocr_carea ocr_par ocr_line ocrx_word'/>
</head>
<body>
  <div class='ocr_page' id='page_1' title='image "./catilinaiugurth00linkgoog_0136.png"; bbox 0 0 2520 3966; ppageno 0'>
   <div class='ocr_carea' id='block_1_1' title="bbox 449 207 1077 280">
    <p class='ocr_par' dir='ltr' id='par_1_1' title="bbox 449 207 1077 280">
     <span class='ocr_line' id='line_1_1' title="bbox 449 207 1077 280; baseline 0.01 -6"><span class='ocrx_word' id='word_1_1' title='bbox 449 207 676 274; x_wconf 81' lang='lat' dir='ltr'><strong>IVGVRTHA</strong></span> <span class='ocrx_word' id='word_1_2' title='bbox 702 207 743 276; x_wconf 83' lang='lat'><strong>85</strong></span> <span class='ocrx_word' id='word_1_3' title='bbox 1019 208 1077 280; x_wconf 79' lang='lat' dir='ltr'><strong>lot</strong></span> 
     </span>
    </p>
   </div>
   <div class='ocr_carea' id='block_1_2' title="bbox 77 380 1176 3222">
    <p class='ocr_par' dir='ltr' id='par_1_2' title="bbox 77 380 1176 3222">
     <span class='ocr_line' id='line_1_2' title="bbox 127 380 1119 485; baseline 0.004 -37"><span class='ocrx_word' id='word_1_4' title='bbox 127 380 268 471; x_wconf 78' lang='lat' dir='ltr'><strong>aliquem</strong></span> <span class='ocrx_word' id='word_1_5' title='bbox 297 403 338 448; x_wconf 86' lang='lat' dir='ltr'><strong>ex</strong></span> <span class='ocrx_word' id='word_1_6' title='bbox 365 380 484 485; x_wconf 87' lang='lat' dir='ltr'><strong>populo</strong></span> <span class='ocrx_word' id='word_1_7' title='bbox 505 383 692 448; x_wconf 90' lang='lat' dir='ltr'><strong>monitorem</strong></span> <span class='ocrx_word' id='word_1_8' title='bbox 721 381 805 448; x_wconf 87' lang='lat' dir='ltr'><strong>offiei</strong></span> <span class='ocrx_word' id='word_1_9' title='bbox 833 383 893 450; x_wconf 88' lang='lat' dir='ltr'><strong>sui.</strong></span> <span class='ocrx_word' id='word_1_10' title='bbox 934 381 985 450; x_wconf 66' lang='lat' dir='ltr'><strong>Im</strong></span> <span class='ocrx_word' id='word_1_11' title='bbox 1011 381 1119 470; x_wconf 87' lang='lat' dir='ltr'><strong>ple-11</strong></span> 
     </span>
     <span class='ocr_line' id='line_1_3' title="bbox 127 469 1077 556; baseline 0 -22"><span class='ocrx_word' id='word_1_12' title='bbox 127 491 200 534; x_wconf 85' lang='lat' dir='ltr'><strong>nun</strong></span> <span class='ocrx_word' id='word_1_13' title='bbox 222 491 263 535; x_wconf 88' lang='lat' dir='ltr'><strong>ue</strong></span> <span class='ocrx_word' id='word_1_14' title='bbox 285 477 404 552; x_wconf 82' lang='lat' dir='ltr'><strong>avenn,</strong></span> <span class='ocrx_word' id='word_1_15' title='bbox 431 477 467 534; x_wconf 89' lang='lat' dir='ltr'><strong>ut</strong></span> <span class='ocrx_word' id='word_1_16' title='bbox 495 491 589 556; x_wconf 88' lang='lat' dir='ltr'><strong>quem</strong></span> <span class='ocrx_word' id='word_1_17' title='bbox 609 490 668 534; x_wconf 82' lang='lat' dir='ltr'><strong>vos</strong></span> <span class='ocrx_word' id='word_1_18' title='bbox 689 469 911 555; x_wconf 80' lang='lat' dir='ltr'><strong>imperatorem</strong></span> <span class='ocrx_word' id='word_1_19' title='bbox 931 470 1077 556; x_wconf 74' lang='lat' dir='ltr'><strong>iussistis,</strong></span> 
     </span>
     <span class='ocr_line' id='line_1_4' title="bbox 126 492 1117 644; baseline 0.004 -26"><span class='ocrx_word' id='word_1_20' title='bbox 126 555 157 618; x_wconf 81' lang='lat' dir='ltr'><strong>ia</strong></span> <span class='ocrx_word' id='word_1_21' title='bbox 178 492 242 619; x_wconf 72' lang='lat' dir='ltr'><strong>sili</strong></span> <span class='ocrx_word' id='word_1_22' title='bbox 262 555 485 644; x_wconf 73' lang='lat' dir='ltr'><strong>imperatorem</strong></span> <span class='ocrx_word' id='word_1_23' title='bbox 507 553 603 619; x_wconf 87' lang='lat' dir='ltr'><strong>alium</strong></span> <span class='ocrx_word' id='word_1_24' title='bbox 619 564 757 641; x_wconf 91' lang='lat' dir='ltr'><strong>quaerat.</strong></span> <span class='ocrx_word' id='word_1_25' title='bbox 790 555 896 641; x_wconf 87' lang='lat' dir='ltr'><strong>Atque</strong></span> <span class='ocrx_word' id='word_1_26' title='bbox 919 577 978 642; x_wconf 85' lang='lat' dir='ltr'><strong>ego</strong></span> <span class='ocrx_word' id='word_1_27' title='bbox 1001 557 1117 642; x_wconf 81' lang='lat' dir='ltr'><strong>soi0,12</strong></span> 
     </span>
     <span class='ocr_line' id='line_1_5' title="bbox 127 639 1078 729; baseline 0.005 -25"><span class='ocrx_word' id='word_1_28' title='bbox 127 639 280 725; x_wconf 81' lang='lat' dir='ltr'><strong>Quirites,</strong></span> <span class='ocrx_word' id='word_1_29' title='bbox 303 643 366 729; x_wconf 93' lang='lat' dir='ltr'><strong>qui,</strong></span> <span class='ocrx_word' id='word_1_30' title='bbox 412 650 557 727; x_wconf 88' lang='lat' dir='ltr'><strong>ostquam</strong></span> <span class='ocrx_word' id='word_1_31' title='bbox 579 639 724 706; x_wconf 87' lang='lat' dir='ltr'><strong>eonsules</strong></span> <span class='ocrx_word' id='word_1_32' title='bbox 746 641 822 706; x_wconf 86' lang='lat' dir='ltr'><strong>facti</strong></span> <span class='ocrx_word' id='word_1_33' title='bbox 848 650 929 725; x_wconf 87' lang='lat' dir='ltr'><strong>sunt,</strong></span> <span class='ocrx_word' id='word_1_34' title='bbox 953 651 984 707; x_wconf 90' lang='lat' dir='ltr'><strong>et</strong></span> <span class='ocrx_word' id='word_1_35' title='bbox 1006 652 1078 709; x_wconf 85' lang='lat' dir='ltr'><strong>aeta</strong></span> 
     </span>
     <span class='ocr_line' id='line_1_6' title="bbox 100 665 1176 814; baseline -0.001 -19"><span class='ocrx_word' id='word_1_36' title='bbox 100 727 283 795; x_wconf 76' lang='lat' dir='ltr'><strong>tmaiorum</strong></span> <span class='ocrx_word' id='word_1_37' title='bbox 310 737 341 792; x_wconf 89' lang='lat' dir='ltr'><strong>et</strong></span> <span class='ocrx_word' id='word_1_38' title='bbox 372 665 566 792; x_wconf 55' lang='lat' dir='ltr'><strong>(lraeeorum</strong></span> <span class='ocrx_word' id='word_1_39' title='bbox 597 726 746 791; x_wconf 82' lang='lat' dir='ltr'><strong>militaria</strong></span> <span class='ocrx_word' id='word_1_40' title='bbox 771 736 941 813; x_wconf 82' lang='lat' dir='ltr'><strong>praecepta</strong></span> <span class='ocrx_word' id='word_1_41' title='bbox 969 727 1076 814; x_wconf 84' lang='lat' dir='ltr'><strong>legere</strong></span> <span class='ocrx_word' id='word_1_42' title='bbox 1174 785 1176 794; x_wconf 93' lang='lat'><em>.</em></span> 
     </span>
     <span class='ocr_line' id='line_1_7' title="bbox 127 811 1076 913; baseline 0.004 -37"><span class='ocrx_word' id='word_1_43' title='bbox 127 813 311 913; x_wconf 82' lang='lat' dir='ltr'><strong>eoeperint:</strong></span> <span class='ocrx_word' id='word_1_44' title='bbox 333 813 530 900; x_wconf 80' lang='lat' dir='ltr'>praeposteri</span> <span class='ocrx_word' id='word_1_45' title='bbox 552 811 710 896; x_wconf 90' lang='lat' dir='ltr'><strong>homines;</strong></span> <span class='ocrx_word' id='word_1_46' title='bbox 741 834 815 876; x_wconf 91' lang='lat' dir='ltr'><strong>nam</strong></span> <span class='ocrx_word' id='word_1_47' title='bbox 837 835 957 898; x_wconf 82' lang='lat' dir='ltr'>gerere,</span> <span class='ocrx_word' id='word_1_48' title='bbox 982 836 1076 901; x_wconf 87' lang='lat' dir='ltr'><strong>quam</strong></span> 
     </span>
     <span class='ocr_line' id='line_1_8' title="bbox 125 892 1075 1048; baseline 0.011 -91"><span class='ocrx_word' id='word_1_49' title='bbox 125 892 200 963; x_wconf 79' lang='lat' dir='ltr'><strong>fieri</strong></span> <span class='ocrx_word' id='word_1_50' title='bbox 225 907 367 985; x_wconf 87' lang='lat' dir='ltr'><strong>tempore</strong></span> <span class='ocrx_word' id='word_1_51' title='bbox 396 900 570 985; x_wconf 76' lang='lat' dir='ltr'>posterius,</span> <span class='ocrx_word' id='word_1_52' title='bbox 606 920 641 962; x_wconf 87' lang='lat' dir='ltr'><strong>re</strong></span> <span class='ocrx_word' id='word_1_53' title='bbox 675 907 769 1048; x_wconf 68' lang='lat' dir='ltr'><strong>atque</strong></span> <span class='ocrx_word' id='word_1_54' title='bbox 801 921 861 962; x_wconf 87' lang='lat' dir='ltr'><strong>usu</strong></span> <span class='ocrx_word' id='word_1_55' title='bbox 896 900 984 985; x_wconf 83' lang='lat' dir='ltr'><strong>prius</strong></span> <span class='ocrx_word' id='word_1_56' title='bbox 1017 908 1075 967; x_wconf 86' lang='lat' dir='ltr'><strong>est.</strong></span> 
     </span>
     <span class='ocr_line' id='line_1_9' title="bbox 125 982 1116 1070; baseline -0.003 -19"><span class='ocrx_word' id='word_1_57' title='bbox 125 983 308 1070; x_wconf 83' lang='lat' dir='ltr'><strong>Oonparate</strong></span> <span class='ocrx_word' id='word_1_58' title='bbox 328 1007 422 1067; x_wconf 88' lang='lat' dir='ltr'><strong>nune,</strong></span> <span class='ocrx_word' id='word_1_59' title='bbox 439 983 587 1068; x_wconf 77' lang='lat' dir='ltr'><strong>Quirites,</strong></span> <span class='ocrx_word' id='word_1_60' title='bbox 610 1006 681 1049; x_wconf 87' lang='lat' dir='ltr'><strong>oum</strong></span> <span class='ocrx_word' id='word_1_61' title='bbox 705 982 831 1049; x_wconf 86' lang='lat' dir='ltr'><strong>&#39;lorum</strong></span> <span class='ocrx_word' id='word_1_62' title='bbox 853 1008 890 1048; x_wconf 88' lang='lat' dir='ltr'><strong>su</strong></span> <span class='ocrx_word' id='word_1_63' title='bbox 914 985 1003 1052; x_wconf 89' lang='lat' dir='ltr'><strong>erbia</strong></span> <span class='ocrx_word' id='word_1_64' title='bbox 1022 1009 1073 1052; x_wconf 90' lang='lat' dir='ltr'><strong>me</strong></span> <span class='ocrx_word' id='word_1_65' title='bbox 1086 1000 1116 1049; x_wconf 86' lang='lat'><strong>13</strong></span> 
     </span>
     <span class='ocr_line' id='line_1_10' title="bbox 120 1009 1074 1156; baseline 0.007 -26"><span class='ocrx_word' id='word_1_66' title='bbox 120 1066 287 1137; x_wconf 89' lang='lat' dir='ltr'><strong>hominem</strong></span> <span class='ocrx_word' id='word_1_67' title='bbox 315 1093 442 1136; x_wconf 85' lang='lat' dir='ltr'><strong>novum.</strong></span> <span class='ocrx_word' id='word_1_68' title='bbox 488 1069 578 1150; x_wconf 90' lang='lat' dir='ltr'><strong>Quae</strong></span> <span class='ocrx_word' id='word_1_69' title='bbox 604 1069 652 1134; x_wconf 90' lang='lat' dir='ltr'><strong>illi</strong></span> <span class='ocrx_word' id='word_1_70' title='bbox 674 1069 784 1136; x_wconf 88' lang='lat' dir='ltr'><strong>audire</strong></span> <span class='ocrx_word' id='word_1_71' title='bbox 813 1079 867 1134; x_wconf 88' lang='lat' dir='ltr'><strong>aut</strong></span> <span class='ocrx_word' id='word_1_72' title='bbox 890 1009 1003 1156; x_wconf 84' lang='lat' dir='ltr'><strong>legere</strong></span> <span class='ocrx_word' id='word_1_73' title='bbox 1025 1095 1074 1138; x_wconf 88' lang='lat' dir='ltr'><strong>so-</strong></span> 
     </span>
     <span class='ocr_line' id='line_1_11' title="bbox 84 1152 1074 1244; baseline -0.001 -19"><span class='ocrx_word' id='word_1_74' title='bbox 84 1152 206 1238; x_wconf 78' lang='lat' dir='ltr'><strong>solent,</strong></span> <span class='ocrx_word' id='word_1_75' title='bbox 230 1179 338 1224; x_wconf 91' lang='lat' dir='ltr'><strong>eorum</strong></span> <span class='ocrx_word' id='word_1_76' title='bbox 366 1165 487 1242; x_wconf 84' lang='lat' dir='ltr'><strong>portem</strong></span> <span class='ocrx_word' id='word_1_77' title='bbox 508 1155 589 1239; x_wconf 85' lang='lat' dir='ltr'><strong>vidi,</strong></span> <span class='ocrx_word' id='word_1_78' title='bbox 618 1156 680 1221; x_wconf 82' lang='lat' dir='ltr'><strong>alia</strong></span> <span class='ocrx_word' id='word_1_79' title='bbox 712 1166 837 1242; x_wconf 80' lang='lat' dir='ltr'>egomet</span> <span class='ocrx_word' id='word_1_80' title='bbox 865 1159 964 1242; x_wconf 86' lang='lat' dir='ltr'><strong>gessi;</strong></span> <span class='ocrx_word' id='word_1_81' title='bbox 994 1180 1074 1244; x_wconf 87' lang='lat' dir='ltr'><strong>quae</strong></span> 
     </span>
     <span class='ocr_line' id='line_1_12' title="bbox 124 1241 1115 1328; baseline 0.005 -24"><span class='ocrx_word' id='word_1_82' title='bbox 124 1241 173 1305; x_wconf 88' lang='lat' dir='ltr'><strong>illi</strong></span> <span class='ocrx_word' id='word_1_83' title='bbox 197 1241 317 1325; x_wconf 89' lang='lat' dir='ltr'><strong>litteris,</strong></span> <span class='ocrx_word' id='word_1_84' title='bbox 341 1265 379 1306; x_wconf 88' lang='lat' dir='ltr'><strong>ea</strong></span> <span class='ocrx_word' id='word_1_85' title='bbox 401 1265 459 1328; x_wconf 89' lang='lat' dir='ltr'><strong>ego</strong></span> <span class='ocrx_word' id='word_1_86' title='bbox 482 1242 645 1307; x_wconf 87' lang='lat' dir='ltr'><strong>militando</strong></span> <span class='ocrx_word' id='word_1_87' title='bbox 668 1242 774 1307; x_wconf 82' lang='lat' dir='ltr'><strong>didioi.</strong></span> <span class='ocrx_word' id='word_1_88' title='bbox 796 1243 889 1307; x_wconf 83' lang='lat' dir='ltr'><strong>Nune</strong></span> <span class='ocrx_word' id='word_1_89' title='bbox 910 1264 969 1307; x_wconf 88' lang='lat' dir='ltr'><strong>vos</strong></span> <span class='ocrx_word' id='word_1_90' title='bbox 992 1245 1073 1308; x_wconf 89' lang='lat' dir='ltr'><strong>exis-</strong></span> <span class='ocrx_word' id='word_1_91' title='bbox 1086 1259 1115 1309; x_wconf 79' lang='lat' dir='ltr'><strong>tt</strong></span> 
     </span>
     <span class='ocr_line' id='line_1_13' title="bbox 120 1327 1074 1413; baseline 0.001 -19"><span class='ocrx_word' id='word_1_92' title='bbox 120 1336 253 1411; x_wconf 89' lang='lat' dir='ltr'><strong>tumate,</strong></span> <span class='ocrx_word' id='word_1_93' title='bbox 276 1328 359 1392; x_wconf 85' lang='lat' dir='ltr'><strong>facta</strong></span> <span class='ocrx_word' id='word_1_94' title='bbox 381 1352 421 1392; x_wconf 86' lang='lat' dir='ltr'><strong>an</strong></span> <span class='ocrx_word' id='word_1_95' title='bbox 444 1328 528 1394; x_wconf 87' lang='lat' dir='ltr'><strong>diota</strong></span> <span class='ocrx_word' id='word_1_96' title='bbox 556 1327 655 1413; x_wconf 86' lang='lat' dir='ltr'><strong>pluris</strong></span> <span class='ocrx_word' id='word_1_97' title='bbox 683 1329 754 1393; x_wconf 88' lang='lat' dir='ltr'><strong>sint.</strong></span> <span class='ocrx_word' id='word_1_98' title='bbox 784 1327 998 1393; x_wconf 81' lang='lat' dir='ltr'>Contemnunt</span> <span class='ocrx_word' id='word_1_99' title='bbox 1018 1352 1074 1396; x_wconf 90' lang='lat' dir='ltr'><strong>no·</strong></span> 
     </span>
     <span class='ocr_line' id='line_1_14' title="bbox 121 1413 1073 1515; baseline 0.003 -38"><span class='ocrx_word' id='word_1_100' title='bbox 121 1413 255 1478; x_wconf 80' lang='lat' dir='ltr'><strong>vitatem</strong></span> <span class='ocrx_word' id='word_1_101' title='bbox 276 1436 389 1496; x_wconf 89' lang='lat' dir='ltr'><strong>meam,</strong></span> <span class='ocrx_word' id='word_1_102' title='bbox 414 1436 472 1515; x_wconf 76' lang='lat' dir='ltr'><strong>ego</strong></span> <span class='ocrx_word' id='word_1_103' title='bbox 495 1413 621 1478; x_wconf 92' lang='lat' dir='ltr'><strong>illorum</strong></span> <span class='ocrx_word' id='word_1_104' title='bbox 642 1415 817 1500; x_wconf 82' lang='lat' dir='ltr'><strong>ignaviam3</strong></span> <span class='ocrx_word' id='word_1_105' title='bbox 839 1413 918 1478; x_wconf 88' lang='lat' dir='ltr'><strong>mihi</strong></span> <span class='ocrx_word' id='word_1_106' title='bbox 938 1414 1073 1500; x_wconf 82' lang='lat' dir='ltr'><strong>fortuna,</strong></span> 
     </span>
     <span class='ocr_line' id='line_1_15' title="bbox 121 1497 1116 1586; baseline 0.004 -24"><span class='ocrx_word' id='word_1_107' title='bbox 121 1497 188 1562; x_wconf 84' lang='lat' dir='ltr'><strong>illie</strong></span> <span class='ocrx_word' id='word_1_108' title='bbox 218 1499 334 1584; x_wconf 86' lang='lat' dir='ltr'><strong>probra</strong></span> <span class='ocrx_word' id='word_1_109' title='bbox 366 1500 552 1564; x_wconf 88' lang='lat' dir='ltr'><strong>obio1untur.</strong></span> <span class='ocrx_word' id='word_1_110' title='bbox 604 1498 803 1586; x_wconf 77' lang='lat' dir='ltr'><strong>Quamquam</strong></span> <span class='ocrx_word' id='word_1_111' title='bbox 836 1522 896 1586; x_wconf 84' lang='lat' dir='ltr'><strong>ego</strong></span> <span class='ocrx_word' id='word_1_112' title='bbox 929 1509 1116 1566; x_wconf 85' lang='lat' dir='ltr'><strong>naturam15</strong></span> 
     </span>
     <span class='ocr_line' id='line_1_16' title="bbox 80 1586 1073 1671; baseline -0.001 -18"><span class='ocrx_word' id='word_1_113' title='bbox 80 1603 108 1653; x_wconf 78' lang='lat'><strong>15</strong></span> <span class='ocrx_word' id='word_1_114' title='bbox 124 1606 220 1654; x_wconf 75' lang='lat' dir='ltr'><strong>unam</strong></span> <span class='ocrx_word' id='word_1_115' title='bbox 243 1595 274 1650; x_wconf 87' lang='lat' dir='ltr'><strong>et</strong></span> <span class='ocrx_word' id='word_1_116' title='bbox 296 1608 494 1650; x_wconf 87' lang='lat' dir='ltr'><strong>eommunem</strong></span> <span class='ocrx_word' id='word_1_117' title='bbox 522 1586 661 1651; x_wconf 90' lang='lat' dir='ltr'><strong>omnium</strong></span> <span class='ocrx_word' id='word_1_118' title='bbox 688 1587 858 1671; x_wconf 82' lang='lat' dir='ltr'><strong>existumo,</strong></span> <span class='ocrx_word' id='word_1_119' title='bbox 892 1587 950 1653; x_wconf 87' lang='lat' dir='ltr'><strong>sed</strong></span> <span class='ocrx_word' id='word_1_120' title='bbox 971 1587 1073 1653; x_wconf 80' lang='lat' dir='ltr'><strong>fortis-</strong></span> 
     </span>
     <span class='ocr_line' id='line_1_17' title="bbox 122 1672 1116 1758; baseline 0.004 -24"><span class='ocrx_word' id='word_1_121' title='bbox 122 1693 249 1735; x_wconf 85' lang='lat' dir='ltr'><strong>sumum</strong></span> <span class='ocrx_word' id='word_1_122' title='bbox 299 1693 434 1758; x_wconf 89' lang='lat' dir='ltr'><strong>uemque</strong></span> <span class='ocrx_word' id='word_1_123' title='bbox 463 1672 760 1757; x_wconf 85' lang='lat' dir='ltr'><strong>generosissumum.</strong></span> <span class='ocrx_word' id='word_1_124' title='bbox 804 1672 855 1736; x_wconf 83' lang='lat' dir='ltr'><strong>Aa</strong></span> <span class='ocrx_word' id='word_1_125' title='bbox 882 1673 910 1736; x_wconf 87' lang='lat' dir='ltr'><strong>si</strong></span> <span class='ocrx_word' id='word_1_126' title='bbox 937 1674 1002 1738; x_wconf 85' lang='lat' dir='ltr'><strong>iam</strong></span> <span class='ocrx_word' id='word_1_127' title='bbox 1032 1696 1073 1738; x_wconf 85' lang='lat' dir='ltr'><strong>ex</strong></span> <span class='ocrx_word' id='word_1_128' title='bbox 1086 1688 1116 1738; x_wconf 85' lang='lat'><strong>16</strong></span> 
     </span>
     <span class='ocr_line' id='line_1_18' title="bbox 120 1756 1072 1844; baseline 0.005 -25"><span class='ocrx_word' id='word_1_129' title='bbox 120 1756 265 1842; x_wconf 82' lang='lat' dir='ltr'><strong>patribus</strong></span> <span class='ocrx_word' id='word_1_130' title='bbox 322 1757 390 1822; x_wconf 91' lang='lat' dir='ltr'><strong>bini</strong></span> <span class='ocrx_word' id='word_1_131' title='bbox 413 1765 466 1821; x_wconf 87' lang='lat' dir='ltr'><strong>aut</strong></span> <span class='ocrx_word' id='word_1_132' title='bbox 487 1757 615 1822; x_wconf 76' lang='lat' dir='ltr'><strong>Bestiae</strong></span> <span class='ocrx_word' id='word_1_133' title='bbox 638 1759 746 1844; x_wconf 86' lang='lat' dir='ltr'><strong>quaeri</strong></span> <span class='ocrx_word' id='word_1_134' title='bbox 768 1760 886 1844; x_wconf 80' lang='lat' dir='ltr'><strong>possit,</strong></span> <span class='ocrx_word' id='word_1_135' title='bbox 915 1781 1009 1824; x_wconf 87' lang='lat' dir='ltr'><strong>mene</strong></span> <span class='ocrx_word' id='word_1_136' title='bbox 1031 1782 1072 1824; x_wconf 87' lang='lat' dir='ltr'><strong>an</strong></span> 
     </span>
     <span class='ocr_line' id='line_1_19' title="bbox 120 1841 1071 1930; baseline 0.004 -24"><span class='ocrx_word' id='word_1_137' title='bbox 120 1841 195 1908; x_wconf 89' lang='lat' dir='ltr'><strong>illos</strong></span> <span class='ocrx_word' id='word_1_138' title='bbox 219 1865 270 1918; x_wconf 61' lang='lat' dir='ltr'><strong>ex,</strong></span> <span class='ocrx_word' id='word_1_139' title='bbox 282 1865 352 1908; x_wconf 89' lang='lat' dir='ltr'><strong>sese</strong></span> <span class='ocrx_word' id='word_1_140' title='bbox 374 1844 462 1930; x_wconf 84' lang='lat' dir='ltr'><strong>gigni</strong></span> <span class='ocrx_word' id='word_1_141' title='bbox 483 1841 660 1927; x_wconf 83' lang='lat' dir='ltr'><strong>maluerint,</strong></span> <span class='ocrx_word' id='word_1_142' title='bbox 677 1844 753 1930; x_wconf 87' lang='lat' dir='ltr'><strong>quid</strong></span> <span class='ocrx_word' id='word_1_143' title='bbox 774 1866 981 1930; x_wconf 74' lang='lat' dir='ltr'>responsuros</span> <span class='ocrx_word' id='word_1_144' title='bbox 1005 1866 1071 1910; x_wconf 89' lang='lat' dir='ltr'><strong>ore-</strong></span> 
     </span>
     <span class='ocr_line' id='line_1_20' title="bbox 122 1927 1111 2016; baseline 0.002 -24"><span class='ocrx_word' id='word_1_145' title='bbox 122 1927 205 2011; x_wconf 85' lang='lat' dir='ltr'><strong>ditis,</strong></span> <span class='ocrx_word' id='word_1_146' title='bbox 227 1929 290 1993; x_wconf 92' lang='lat' dir='ltr'><strong>nisi</strong></span> <span class='ocrx_word' id='word_1_147' title='bbox 312 1951 382 1994; x_wconf 88' lang='lat' dir='ltr'><strong>sese</strong></span> <span class='ocrx_word' id='word_1_148' title='bbox 396 1928 513 1993; x_wconf 88' lang='lat' dir='ltr'><strong>liberos</strong></span> <span class='ocrx_word' id='word_1_149' title='bbox 530 1952 624 2016; x_wconf 90' lang='lat' dir='ltr'><strong>quam</strong></span> <span class='ocrx_word' id='word_1_150' title='bbox 639 1939 782 2015; x_wconf 88' lang='lat' dir='ltr'><strong>optumos</strong></span> <span class='ocrx_word' id='word_1_151' title='bbox 797 1929 961 1995; x_wconf 79' lang='lat' dir='ltr'><strong>voluisse?</strong></span> <span class='ocrx_word' id='word_1_152' title='bbox 978 1929 1072 2010; x_wconf 88' lang='lat' dir='ltr'><strong>Quod</strong></span> <span class='ocrx_word' id='word_1_153' title='bbox 1082 1945 1111 1994; x_wconf 76' lang='lat'><strong>17</strong></span> 
     </span>
     <span class='ocr_line' id='line_1_21' title="bbox 77 2014 1069 2101; baseline -0.001 -19"><span class='ocrx_word' id='word_1_154' title='bbox 77 2015 150 2082; x_wconf 75' lang='lat' dir='ltr'><strong>rosi</strong></span> <span class='ocrx_word' id='word_1_155' title='bbox 170 2015 239 2079; x_wconf 91' lang='lat' dir='ltr'><strong>iure</strong></span> <span class='ocrx_word' id='word_1_156' title='bbox 260 2037 312 2078; x_wconf 91' lang='lat' dir='ltr'><strong>me</strong></span> <span class='ocrx_word' id='word_1_157' title='bbox 335 2014 527 2101; x_wconf 83' lang='lat' dir='ltr'><strong>despiciunt,</strong></span> <span class='ocrx_word' id='word_1_158' title='bbox 551 2014 668 2080; x_wconf 83' lang='lat' dir='ltr'><strong>faciant</strong></span> <span class='ocrx_word' id='word_1_159' title='bbox 694 2015 779 2079; x_wconf 90' lang='lat' dir='ltr'><strong>idem</strong></span> <span class='ocrx_word' id='word_1_160' title='bbox 801 2015 972 2081; x_wconf 85' lang='lat' dir='ltr'><strong>maioribus</strong></span> <span class='ocrx_word' id='word_1_161' title='bbox 995 2018 1069 2098; x_wconf 87' lang='lat' dir='ltr'><strong>suis,</strong></span> 
     </span>
     <span class='ocr_line' id='line_1_22' title="bbox 121 2099 1112 2249; baseline 0.003 -85"><span class='ocrx_word' id='word_1_162' title='bbox 121 2099 246 2249; x_wconf 79' lang='lat' dir='ltr'><strong>quibus,</strong></span> <span class='ocrx_word' id='word_1_163' title='bbox 269 2101 315 2164; x_wconf 79' lang='lat' dir='ltr'><strong>uti</strong></span> <span class='ocrx_word' id='word_1_164' title='bbox 335 2100 427 2183; x_wconf 93' lang='lat' dir='ltr'><strong>mihi,</strong></span> <span class='ocrx_word' id='word_1_165' title='bbox 451 2122 493 2165; x_wconf 83' lang='lat' dir='ltr'><strong>ex</strong></span> <span class='ocrx_word' id='word_1_166' title='bbox 514 2101 629 2165; x_wconf 81' lang='lat' dir='ltr'><strong>virtute</strong></span> <span class='ocrx_word' id='word_1_167' title='bbox 658 2100 806 2166; x_wconf 75' lang='lat' dir='ltr'><strong>nobilitas</strong></span> <span class='ocrx_word' id='word_1_168' title='bbox 829 2103 941 2188; x_wconf 87' lang='lat' dir='ltr'><strong>eoepit.</strong></span> <span class='ocrx_word' id='word_1_169' title='bbox 985 2101 1070 2167; x_wconf 89' lang='lat' dir='ltr'><strong>Invi·</strong></span> <span class='ocrx_word' id='word_1_170' title='bbox 1082 2117 1112 2167; x_wconf 80' lang='lat' dir='ltr'><strong>ts</strong></span> 
     </span>
     <span class='ocr_line' id='line_1_23' title="bbox 144 2185 1070 2272; baseline 0.001 -22"><span class='ocrx_word' id='word_1_171' title='bbox 144 2195 198 2250; x_wconf 90' lang='lat' dir='ltr'><strong>ent</strong></span> <span class='ocrx_word' id='word_1_172' title='bbox 219 2185 332 2252; x_wconf 92' lang='lat' dir='ltr'><strong>honori</strong></span> <span class='ocrx_word' id='word_1_173' title='bbox 352 2209 441 2270; x_wconf 88' lang='lat' dir='ltr'><strong>meo;</strong></span> <span class='ocrx_word' id='word_1_174' title='bbox 465 2207 540 2272; x_wconf 84' lang='lat' dir='ltr'><strong>ergo</strong></span> <span class='ocrx_word' id='word_1_175' title='bbox 562 2185 726 2251; x_wconf 83' lang='lat' dir='ltr'><strong>invideant</strong></span> <span class='ocrx_word' id='word_1_176' title='bbox 748 2185 849 2251; x_wconf 90' lang='lat' dir='ltr'><strong>labori</strong></span> <span class='ocrx_word' id='word_1_177' title='bbox 870 2187 1070 2252; x_wconf 85' lang='lat' dir='ltr'><strong>innocentiae</strong></span> 
     </span>
     <span class='ocr_line' id='line_1_24' title="bbox 144 2270 1068 2372; baseline 0.003 -37"><span class='ocrx_word' id='word_1_178' title='bbox 144 2270 270 2335; x_wconf 89' lang='lat' dir='ltr'><strong>erionlis</strong></span> <span class='ocrx_word' id='word_1_179' title='bbox 293 2273 388 2336; x_wconf 84' lang='lat' dir='ltr'><strong>etiam</strong></span> <span class='ocrx_word' id='word_1_180' title='bbox 407 2273 496 2355; x_wconf 86' lang='lat' dir='ltr'><strong>meis,</strong></span> <span class='ocrx_word' id='word_1_181' title='bbox 527 2272 674 2358; x_wconf 90' lang='lat' dir='ltr'><strong>quoniam</strong></span> <span class='ocrx_word' id='word_1_182' title='bbox 696 2294 753 2372; x_wconf 89' lang='lat' dir='ltr'><strong>per</strong></span> <span class='ocrx_word' id='word_1_183' title='bbox 774 2271 854 2336; x_wconf 87' lang='lat' dir='ltr'><strong>haee</strong></span> <span class='ocrx_word' id='word_1_184' title='bbox 875 2271 966 2338; x_wconf 91' lang='lat' dir='ltr'><strong>illurn</strong></span> <span class='ocrx_word' id='word_1_185' title='bbox 988 2275 1068 2361; x_wconf 88' lang='lat' dir='ltr'><strong>oepi.</strong></span> 
     </span>
     <span class='ocr_line' id='line_1_25' title="bbox 152 2356 1110 2446; baseline 0.005 -26"><span class='ocrx_word' id='word_1_186' title='bbox 152 2379 241 2421; x_wconf 90' lang='lat' dir='ltr'><strong>erum</strong></span> <span class='ocrx_word' id='word_1_187' title='bbox 261 2356 404 2422; x_wconf 88' lang='lat' dir='ltr'><strong>homines</strong></span> <span class='ocrx_word' id='word_1_188' title='bbox 428 2358 569 2443; x_wconf 86' lang='lat' dir='ltr'><strong>corrupti</strong></span> <span class='ocrx_word' id='word_1_189' title='bbox 583 2356 732 2442; x_wconf 85' lang='lat' dir='ltr'><strong>superbra</strong></span> <span class='ocrx_word' id='word_1_190' title='bbox 745 2358 791 2420; x_wconf 87' lang='lat' dir='ltr'><strong>ita</strong></span> <span class='ocrx_word' id='word_1_191' title='bbox 812 2367 946 2423; x_wconf 87' lang='lat' dir='ltr'><strong>aetatem</strong></span> <span class='ocrx_word' id='word_1_192' title='bbox 961 2369 1067 2446; x_wconf 85' lang='lat' dir='ltr'><strong>agunt,</strong></span> <span class='ocrx_word' id='word_1_193' title='bbox 1081 2375 1110 2425; x_wconf 83' lang='lat'><strong>19</strong></span> 
     </span>
     <span class='ocr_line' id='line_1_26' title="bbox 77 2443 1067 2531; baseline 0.004 -24"><span class='ocrx_word' id='word_1_194' title='bbox 77 2443 211 2529; x_wconf 71' lang='lat' dir='ltr'><strong>tequasi</strong></span> <span class='ocrx_word' id='word_1_195' title='bbox 233 2451 358 2508; x_wconf 84' lang='lat' dir='ltr'><strong>vostros</strong></span> <span class='ocrx_word' id='word_1_196' title='bbox 380 2443 516 2507; x_wconf 86' lang='lat' dir='ltr'><strong>honores</strong></span> <span class='ocrx_word' id='word_1_197' title='bbox 547 2452 762 2523; x_wconf 84' lang='lat' dir='ltr'><strong>contemnant,</strong></span> <span class='ocrx_word' id='word_1_198' title='bbox 793 2443 837 2508; x_wconf 87' lang='lat' dir='ltr'><strong>ita</strong></span> <span class='ocrx_word' id='word_1_199' title='bbox 865 2444 923 2509; x_wconf 88' lang='lat' dir='ltr'><strong>hos</strong></span> <span class='ocrx_word' id='word_1_200' title='bbox 945 2455 1067 2531; x_wconf 90' lang='lat' dir='ltr'><strong>petunt,</strong></span> 
     </span>
     <span class='ocr_line' id='line_1_27' title="bbox 121 2527 1110 2616; baseline 0.002 -24"><span class='ocrx_word' id='word_1_201' title='bbox 121 2529 212 2615; x_wconf 90' lang='lat' dir='ltr'><strong>quasi</strong></span> <span class='ocrx_word' id='word_1_202' title='bbox 233 2527 364 2594; x_wconf 83' lang='lat' dir='ltr'><strong>honeste</strong></span> <span class='ocrx_word' id='word_1_203' title='bbox 385 2530 533 2594; x_wconf 86' lang='lat' dir='ltr'><strong>vixerint.</strong></span> <span class='ocrx_word' id='word_1_204' title='bbox 556 2527 605 2594; x_wconf 86' lang='lat' dir='ltr'><strong>Ne</strong></span> <span class='ocrx_word' id='word_1_205' title='bbox 626 2528 674 2592; x_wconf 93' lang='lat' dir='ltr'><strong>illi</strong></span> <span class='ocrx_word' id='word_1_206' title='bbox 688 2527 760 2592; x_wconf 80' lang='lat' dir='ltr'><strong>falsi</strong></span> <span class='ocrx_word' id='word_1_207' title='bbox 783 2538 864 2613; x_wconf 87' lang='lat' dir='ltr'><strong>sunt,</strong></span> <span class='ocrx_word' id='word_1_208' title='bbox 888 2531 942 2616; x_wconf 93' lang='lat' dir='ltr'><strong>qui</strong></span> <span class='ocrx_word' id='word_1_209' title='bbox 964 2531 1110 2614; x_wconf 76' lang='lat' dir='ltr'><strong>divor-20</strong></span> 
     </span>
     <span class='ocr_line' id='line_1_28' title="bbox 120 2615 1067 2702; baseline 0.003 -24"><span class='ocrx_word' id='word_1_210' title='bbox 120 2615 270 2678; x_wconf 82' lang='lat' dir='ltr'><strong>sissumas</strong></span> <span class='ocrx_word' id='word_1_211' title='bbox 292 2637 343 2679; x_wconf 88' lang='lat' dir='ltr'><strong>res</strong></span> <span class='ocrx_word' id='word_1_212' title='bbox 365 2615 682 2702; x_wconf 84' lang='lat' dir='ltr'><strong>pariter&#39;expeotant,</strong></span> <span class='ocrx_word' id='word_1_213' title='bbox 706 2615 853 2700; x_wconf 85' lang='lat' dir='ltr'><strong>ignaviae</strong></span> <span class='ocrx_word' id='word_1_214' title='bbox 873 2615 1067 2702; x_wconf 84' lang='lat' dir='ltr'><strong>voluptatem</strong></span> 
     </span>
     <span class='ocr_line' id='line_1_29' title="bbox 120 2700 1106 2787; baseline 0.004 -24"><span class='ocrx_word' id='word_1_215' title='bbox 120 2709 153 2764; x_wconf 89' lang='lat' dir='ltr'><strong>et</strong></span> <span class='ocrx_word' id='word_1_216' title='bbox 173 2702 314 2786; x_wconf 89' lang='lat' dir='ltr'><strong>praemia</strong></span> <span class='ocrx_word' id='word_1_217' title='bbox 334 2701 467 2766; x_wconf 75' lang='lat' dir='ltr'><strong>virtsrtis.</strong></span> <span class='ocrx_word' id='word_1_218' title='bbox 490 2700 597 2786; x_wconf 87' lang='lat' dir='ltr'><strong>Atque</strong></span> <span class='ocrx_word' id='word_1_219' title='bbox 619 2701 722 2784; x_wconf 88' lang='lat' dir='ltr'><strong>etiam,</strong></span> <span class='ocrx_word' id='word_1_220' title='bbox 740 2721 812 2764; x_wconf 87' lang='lat' dir='ltr'><strong>oum</strong></span> <span class='ocrx_word' id='word_1_221' title='bbox 834 2701 919 2787; x_wconf 87' lang='lat' dir='ltr'><strong>apud</strong></span> <span class='ocrx_word' id='word_1_222' title='bbox 940 2724 998 2766; x_wconf 84' lang='lat' dir='ltr'><strong>vos</strong></span> <span class='ocrx_word' id='word_1_223' title='bbox 1014 2711 1106 2768; x_wconf 72' lang='lat' dir='ltr'><strong>autor</strong></span> 
     </span>
     <span class='ocr_line' id='line_1_30' title="bbox 119 2785 1067 2872; baseline 0.002 -23"><span class='ocrx_word' id='word_1_224' title='bbox 119 2786 153 2850; x_wconf 90' lang='lat' dir='ltr'><strong>in</strong></span> <span class='ocrx_word' id='word_1_225' title='bbox 175 2795 286 2851; x_wconf 87' lang='lat' dir='ltr'><strong>senatu</strong></span> <span class='ocrx_word' id='word_1_226' title='bbox 306 2785 406 2852; x_wconf 86' lang='lat' dir='ltr'><strong>verba</strong></span> <span class='ocrx_word' id='word_1_227' title='bbox 427 2786 562 2868; x_wconf 89' lang='lat' dir='ltr'><strong>faoiunt,</strong></span> <span class='ocrx_word' id='word_1_228' title='bbox 595 2785 747 2872; x_wconf 89' lang='lat' dir='ltr'><strong>pleraque</strong></span> <span class='ocrx_word' id='word_1_229' title='bbox 770 2787 910 2852; x_wconf 79' lang='lat' dir='ltr'><strong>oratIone</strong></span> <span class='ocrx_word' id='word_1_230' title='bbox 937 2788 1067 2852; x_wconf 90' lang='lat' dir='ltr'><strong>maioris</strong></span> 
     </span>
     <span class='ocr_line' id='line_1_31' title="bbox 78 2871 1066 2956; baseline 0.001 -19"><span class='ocrx_word' id='word_1_231' title='bbox 78 2887 193 2938; x_wconf 78' lang='lat' dir='ltr'><strong>toruos</strong></span> <span class='ocrx_word' id='word_1_232' title='bbox 216 2871 391 2956; x_wconf 73' lang='lat' dir='ltr'><strong>extollunt,</strong></span> <span class='ocrx_word' id='word_1_233' title='bbox 415 2895 523 2936; x_wconf 90' lang='lat' dir='ltr'><strong>eorum</strong></span> <span class='ocrx_word' id='word_1_234' title='bbox 544 2871 638 2936; x_wconf 85' lang='lat' dir='ltr'><strong>fortia</strong></span> <span class='ocrx_word' id='word_1_235' title='bbox 665 2871 749 2935; x_wconf 85' lang='lat' dir='ltr'><strong>faeta</strong></span> <span class='ocrx_word' id='word_1_236' title='bbox 778 2871 980 2938; x_wconf 87' lang='lat' dir='ltr'><strong>memorando</strong></span> <span class='ocrx_word' id='word_1_237' title='bbox 1004 2872 1066 2938; x_wconf 86' lang='lat' dir='ltr'><strong>ola·</strong></span> 
     </span>
     <span class='ocr_line' id='line_1_32' title="bbox 118 2955 1107 3045; baseline 0.003 -23"><span class='ocrx_word' id='word_1_238' title='bbox 118 2958 218 3022; x_wconf 87' lang='lat' dir='ltr'><strong>riores</strong></span> <span class='ocrx_word' id='word_1_239' title='bbox 241 2981 310 3023; x_wconf 87' lang='lat' dir='ltr'><strong>sese</strong></span> <span class='ocrx_word' id='word_1_240' title='bbox 332 2966 452 3045; x_wconf 86' lang='lat' dir='ltr'><strong>putant.</strong></span> <span class='ocrx_word' id='word_1_241' title='bbox 499 2955 593 3036; x_wconf 87' lang='lat' dir='ltr'><strong>Quod</strong></span> <span class='ocrx_word' id='word_1_242' title='bbox 615 2965 724 3023; x_wconf 83' lang='lat' dir='ltr'><strong>eontra</strong></span> <span class='ocrx_word' id='word_1_243' title='bbox 751 2965 815 3041; x_wconf 81' lang='lat' dir='ltr'><strong>est3</strong></span> <span class='ocrx_word' id='word_1_244' title='bbox 844 2979 919 3022; x_wconf 89' lang='lat' dir='ltr'><strong>nam</strong></span> <span class='ocrx_word' id='word_1_245' title='bbox 949 2967 1065 3044; x_wconf 87' lang='lat' dir='ltr'><strong>quanto</strong></span> <span class='ocrx_word' id='word_1_246' title='bbox 1075 2976 1107 3026; x_wconf 84' lang='lat'><strong>22</strong></span> 
     </span>
     <span class='ocr_line' id='line_1_33' title="bbox 118 3041 1064 3130; baseline 0.001 -22"><span class='ocrx_word' id='word_1_247' title='bbox 118 3045 185 3108; x_wconf 82' lang='lat' dir='ltr'><strong>vita</strong></span> <span class='ocrx_word' id='word_1_248' title='bbox 205 3043 331 3109; x_wconf 91' lang='lat' dir='ltr'><strong>illorum</strong></span> <span class='ocrx_word' id='word_1_249' title='bbox 352 3043 553 3130; x_wconf 84' lang='lat' dir='ltr'><strong>praeclarior,</strong></span> <span class='ocrx_word' id='word_1_250' title='bbox 577 3051 663 3109; x_wconf 87' lang='lat' dir='ltr'><strong>tanto</strong></span> <span class='ocrx_word' id='word_1_251' title='bbox 683 3043 796 3108; x_wconf 91' lang='lat' dir='ltr'><strong>horum</strong></span> <span class='ocrx_word' id='word_1_252' title='bbox 818 3041 962 3108; x_wconf 82' lang='lat' dir='ltr'><strong>socordia</strong></span> <span class='ocrx_word' id='word_1_253' title='bbox 976 3043 1064 3130; x_wconf 82' lang='lat' dir='ltr'><strong>flagi-</strong></span> 
     </span>
     <span class='ocr_line' id='line_1_34' title="bbox 118 3125 1106 3222; baseline 0.003 -29"><span class='ocrx_word' id='word_1_254' title='bbox 118 3130 236 3194; x_wconf 87' lang='lat' dir='ltr'><strong>tiosior.</strong></span> <span class='ocrx_word' id='word_1_255' title='bbox 290 3129 333 3194; x_wconf 86' lang='lat' dir='ltr'><strong>Et</strong></span> <span class='ocrx_word' id='word_1_256' title='bbox 360 3129 500 3216; x_wconf 82' lang='lat' dir='ltr'><strong>profecto</strong></span> <span class='ocrx_word' id='word_1_257' title='bbox 540 3130 585 3193; x_wconf 88' lang='lat' dir='ltr'><strong>ita</strong></span> <span class='ocrx_word' id='word_1_258' title='bbox 616 3151 651 3222; x_wconf 73' lang='lat' dir='ltr'><strong>qe</strong></span> <span class='ocrx_word' id='word_1_259' title='bbox 680 3150 731 3193; x_wconf 85' lang='lat' dir='ltr'><strong>res</strong></span> <span class='ocrx_word' id='word_1_260' title='bbox 763 3125 877 3211; x_wconf 85' lang='lat' dir='ltr'><strong>habet;</strong></span> <span class='ocrx_word' id='word_1_261' title='bbox 911 3129 1106 3197; x_wconf 78' lang='lat' dir='ltr'><strong>maiorumro</strong></span> 
     </span>
    </p>
   </div>
   <div class='ocr_carea' id='block_1_3' title="bbox 119 3212 1064 3362">
    <p class='ocr_par' dir='ltr' id='par_1_3' title="bbox 119 3212 1064 3362">
     <span class='ocr_line' id='line_1_35' title="bbox 119 3212 1064 3362; baseline 0.001 -84"><span class='ocrx_word' id='word_1_262' title='bbox 119 3214 221 3301; x_wconf 85' lang='lat' dir='ltr'><strong>gloria</strong></span> <span class='ocrx_word' id='word_1_263' title='bbox 241 3215 377 3301; x_wconf 85' lang='lat' dir='ltr'><strong>posteris</strong></span> <span class='ocrx_word' id='word_1_264' title='bbox 400 3215 490 3302; x_wconf 90' lang='lat' dir='ltr'><strong>quasi</strong></span> <span class='ocrx_word' id='word_1_265' title='bbox 512 3212 618 3279; x_wconf 90' lang='lat' dir='ltr'><strong>lumen</strong></span> <span class='ocrx_word' id='word_1_266' title='bbox 641 3223 702 3298; x_wconf 85' lang='lat' dir='ltr'><strong>est,</strong></span> <span class='ocrx_word' id='word_1_267' title='bbox 731 3235 834 3362; x_wconf 49' lang='lat' dir='ltr'><strong>nffue</strong></span> <span class='ocrx_word' id='word_1_268' title='bbox 856 3213 940 3278; x_wconf 90' lang='lat' dir='ltr'><strong>bona</strong></span> <span class='ocrx_word' id='word_1_269' title='bbox 961 3237 1064 3301; x_wconf 91' lang='lat' dir='ltr'><strong>neque</strong></span> 
     </span>
    </p>
   </div>
   <div class='ocr_carea' id='block_1_4' title="bbox 78 3297 1065 3570">
    <p class='ocr_par' dir='ltr' id='par_1_4' title="bbox 78 3297 1065 3570">
     <span class='ocr_line' id='line_1_36' title="bbox 78 3297 711 3388; baseline -0.003 -22"><span class='ocrx_word' id='word_1_270' title='bbox 78 3299 202 3366; x_wconf 69' lang='lat' dir='ltr'><strong>semela</strong></span> <span class='ocrx_word' id='word_1_271' title='bbox 225 3305 353 3383; x_wconf 88' lang='lat' dir='ltr'><strong>[eorum]</strong></span> <span class='ocrx_word' id='word_1_272' title='bbox 376 3301 410 3366; x_wconf 89' lang='lat' dir='ltr'><strong>in</strong></span> <span class='ocrx_word' id='word_1_273' title='bbox 433 3297 555 3365; x_wconf 86' lang='lat' dir='ltr'><strong>oeculto</strong></span> <span class='ocrx_word' id='word_1_274' title='bbox 584 3301 711 3388; x_wconf 86' lang='lat' dir='ltr'><strong>patitur.</strong></span> 
     </span>
     <span class='ocr_line' id='line_1_37' title="bbox 117 3383 1065 3486; baseline -0.001 -34"><span class='ocrx_word' id='word_1_275' title='bbox 117 3387 257 3474; x_wconf 90' lang='lat' dir='ltr'><strong>inopiam</strong></span> <span class='ocrx_word' id='word_1_276' title='bbox 285 3384 407 3471; x_wconf 86' lang='lat' dir='ltr'><strong>fateor,</strong></span> <span class='ocrx_word' id='word_1_277' title='bbox 448 3383 607 3470; x_wconf 72' lang='lat' dir='ltr'><strong>Quirites,</strong></span> <span class='ocrx_word' id='word_1_278' title='bbox 634 3406 762 3468; x_wconf 82' lang='lat' dir='ltr'><strong>verum,</strong></span> <span class='ocrx_word' id='word_1_279' title='bbox 791 3383 826 3450; x_wconf 87' lang='lat' dir='ltr'><strong>id</strong></span> <span class='ocrx_word' id='word_1_280' title='bbox 855 3383 940 3486; x_wconf 87' lang='lat' dir='ltr'><strong>quod</strong></span> <span class='ocrx_word' id='word_1_281' title='bbox 966 3385 1065 3452; x_wconf 88' lang='lat' dir='ltr'><strong>multo</strong></span> 
     </span>
     <span class='ocr_line' id='line_1_38' title="bbox 116 3467 1064 3570; baseline 0.001 -33"><span class='ocrx_word' id='word_1_282' title='bbox 116 3467 311 3570; x_wconf 79' lang='lat' dir='ltr'><strong>praeolarius</strong></span> <span class='ocrx_word' id='word_1_283' title='bbox 344 3480 411 3562; x_wconf 83' lang='lat' dir='ltr'><strong>est,</strong></span> <span class='ocrx_word' id='word_1_284' title='bbox 443 3477 580 3546; x_wconf 85' lang='lat' dir='ltr'><strong>meamet</strong></span> <span class='ocrx_word' id='word_1_285' title='bbox 613 3469 697 3538; x_wconf 84' lang='lat' dir='ltr'><strong>faeta</strong></span> <span class='ocrx_word' id='word_1_286' title='bbox 732 3467 810 3537; x_wconf 80' lang='lat' dir='ltr'><strong>milri</strong></span> <span class='ocrx_word' id='word_1_287' title='bbox 843 3467 949 3546; x_wconf 72' lang='lat' dir='ltr'><strong>disere</strong></span> <span class='ocrx_word' id='word_1_288' title='bbox 980 3470 1064 3546; x_wconf 85' lang='lat' dir='ltr'><strong>lieet.</strong></span> 
     </span>
    </p>
   </div>
   <div class='ocr_carea' id='block_1_5' title="bbox 787 3299 1106 3386">
    <p class='ocr_par' dir='ltr' id='par_1_5' title="bbox 787 3299 1106 3386">
     <span class='ocr_line' id='line_1_39' title="bbox 787 3299 1106 3386; baseline 0.009 -23"><span class='ocrx_word' id='word_1_289' title='bbox 787 3299 896 3364; x_wconf 83' lang='lat' dir='ltr'><strong>uiusoe</strong></span> <span class='ocrx_word' id='word_1_290' title='bbox 928 3301 976 3364; x_wconf 89' lang='lat' dir='ltr'><strong>rei</strong></span> <span class='ocrx_word' id='word_1_291' title='bbox 1004 3322 1063 3386; x_wconf 87' lang='lat' dir='ltr'><strong>ego</strong></span> <span class='ocrx_word' id='word_1_292' title='bbox 1075 3319 1106 3368; x_wconf 78' lang='lat' dir='ltr'><strong>rr</strong></span> 
     </span>
    </p>
   </div>
   <div class='ocr_carea' id='block_1_6' title="bbox 0 0 1264 3966">
    <p class='ocr_par' dir='ltr' id='par_1_6' title="bbox 0 0 1264 3966">
     <span class='ocr_line' id='line_1_40' title="bbox 0 0 1264 3966; baseline 0 0"><span class='ocrx_word' id='word_1_293' title='bbox 0 0 1264 3966; x_wconf 95' lang='lat' dir='ltr'><strong> </strong></span> 
     </span>
    </p>
   </div>
  </div>
 </body>
</html>
