2502 3968
414 303 617 369 camma
638 305 677 368 51
975 307 1017 372 33

72 473 252 558 conscripti.
297 471 360 552 Qui
389 471 517 537 demissi
544 474 579 538 in
607 473 740 538 obscuro
769 473 867 537 vitam
892 473 1018 558 habent,

72 557 179 644 siquid
200 557 361 622 iracundia
383 556 552 643 deliquere,
573 559 667 643 pauci
691 559 806 641 sciunt3
828 558 912 623 fama
926 568 1019 644 atque

8 669 9 672 ¹
72 643 200 708 fortuna
220 663 328 706 eorum
348 663 440 728 pares
464 652 551 707 sunt:
574 643 628 728 qui
641 663 756 726 magno
777 643 821 705 im
844 644 909 708 erio
929 665 1019 730 prac-

73 727 132 791 diti
160 728 194 790 in
223 725 349 790 excelso
371 735 506 790 aetatem
535 736 647 812 agunt,
675 747 782 790 eorum
821 736 891 792 acta
917 729 1020 792 cuncti

46 810 222 882 omortalcs
248 832 375 876 novere.
418 811 467 875 Ita
495 813 528 874 in
555 829 715 874 maxumas
728 811 854 876 fortuna
880 815 1062 877 minumau

71 897 201 960 licentia
215 904 278 960 est:
300 916 403 981 neque
418 895 543 960 studere
557 917 660 982 neque
676 895 789 978 odisse,
812 895 869 960 sed
882 898 1020 961 minume

71 981 168 1044 irasci
190 979 296 1063 decet3
326 1001 407 1066 quae
429 981 513 1066 apud
534 980 612 1045 alios
633 980 795 1044 iracundia
824 980 952 1064 dicium,
983 1003 1020 1046 ea
1030 989 1063 1039 14

71 1068 106 1129 in
119 1065 252 1150 imperio
268 1065 415 1150 superbia
428 1075 521 1152 atquc
536 1065 702 1130 crudelitas
717 1064 902 1150 adpellatur.
923 1066 1062 1152 Equi-15

72 1150 147 1213 dem
169 1170 228 1234 ego
249 1151 296 1213 sic
317 1151 485 1232 existumo,
507 1159 612 1251 patres
635 1150 811 1234 conscripti,
834 1152 935 1214 omnis
951 1173 1019 1215 cru·

31 1260 62 1309 10
73 1235 173 1298 ciatus
195 1234 332 1297 minores
347 1256 441 1320 quam
455 1235 594 1299 faemore
607 1233 733 1298 illorum
748 1255 835 1317 esse;
857 1234 914 1298 sed
927 1235 1021 1320 pleri-

73 1341 135 1404 que
156 1317 304 1382 mortales
325 1328 484 1404 postrema
504 1320 691 1402 meminere,
722 1327 753 1382 et
779 1319 815 1381 in
842 1318 1021 1384 hominibus

71 1404 168 1489 inpiis
196 1401 323 1466 sceleris
350 1425 458 1466 eorum
480 1403 569 1468 obliti
594 1403 634 1468 de
654 1424 759 1489 poena
786 1403 960 1488 disserunt,
994 1409 1025 1470 si

72 1510 112 1552 ea
156 1485 239 1551 aullo
263 1489 401 1552 severior
421 1487 488 1552 fuit.

171 1593 315 1636 ecumum
329 1571 479 1654 Silenum,
497 1573 601 1638 virum
614 1573 726 1637 fortem
742 1595 761 1637 a
794 1595 835 1638 ue
851 1582 1064 1657 strenuum,16

8 1699 9 1716 κ
33 1665 160 1726 locerto
183 1657 249 1720 scio
271 1679 351 1742 quae
373 1657 489 1722 dixerit
510 1657 612 1722 studio
639 1659 687 1722 rei
715 1658 779 1744 pub
795 1660 861 1723 'cae
892 1658 1021 1741 dixisse,

71 1762 177 1826 neque
198 1739 288 1805 illum
308 1742 342 1804 in
362 1751 504 1806 tentare
526 1743 658 1828 gretiam
673 1751 726 1806 aut
739 1743 918 1807 inimicitias
934 1764 1022 1806 exer-

72 1847 161 1890 cerc:
196 1846 249 1889 eos
277 1848 381 1892 mores
411 1848 542 1913 eamque
567 1827 753 1892 modestiam
781 1829 842 1892 viri
871 1849 908 1891 co
953 1828 1021 1910 ovi;

71 1931 185 1975 verum
207 1911 362 1974 sententia
383 1912 450 1974 eius
471 1912 548 1974 mihi
561 1934 625 1975 non
640 1911 775 1976 crudelis
790 1950 832 1960 -
848 1913 901 1996 qui
939 1913 1023 1975 enim
1034 1921 1064 1972 17

71 1997 108 2059 in
128 1994 201 2059 talis
223 1995 365 2060 homines
395 1995 522 2059 crudele
542 1996 612 2060 fieri
632 1995 757 2082 potest?
778 2033 820 2044 -
842 1997 899 2060 sed
920 1995 1024 2060 aliena

31 2103 63 2154 20
73 2103 95 2145 a
114 2101 152 2144 re
172 2079 300 2165 publica
313 2089 421 2144 nostra
434 2080 568 2144 videtur.
596 2081 678 2144 Nam
692 2079 832 2166 profecto
854 2089 908 2145 aut
921 2090 1022 2144 metus
1035 2090 1065 2141 18

73 2173 129 2229 aut
149 2166 264 2228 iniuria
284 2174 316 2229 te
338 2165 474 2250 subegit,
497 2164 617 2247 Silene,
641 2164 801 2229 consulem
815 2165 1023 2250 designatum,

72 2271 174 2334 genus
195 2271 316 2334 poenae
337 2271 455 2314 novum
477 2250 654 2314 decernere.
697 2249 749 2312 De
777 2251 889 2314 timore
917 2272 1023 2335 super·
1035 2260 1066 2310 19

72 2355 250 2398 vacaneum
279 2344 326 2398 est
354 2333 525 2417 disserere,
555 2357 626 2398 cum
654 2335 840 2420 praesertim
862 2335 1025 2420 diligentia

74 2418 253 2483 clarissumi
273 2419 334 2484 viri
356 2419 493 2484 consulis
513 2429 602 2483 tanta
621 2419 780 2505 praesidia
792 2420 935 2482 inarmis
952 2421 1023 2485 sint.

31 2503 126 2573 asDe
148 2525 251 2589 poena
264 2525 393 2589 possum
408 2504 554 2605 equidem
569 2504 683 2587 dicere,
705 2504 738 2568 id
753 2504 838 2590 quod
851 2527 902 2568 res
919 2503 1024 2587 habet,
1034 2498 1066 2548 ²⁰

71 2591 108 2652 in
128 2587 216 2652 luctu
237 2597 330 2674 atque
344 2589 478 2653 miscuis
493 2596 626 2653 mortem
640 2610 859 2652 aerumnarum
874 2590 1024 2675 requiem,

72 2693 139 2737 non
168 2674 339 2737 cruciatum
371 2695 440 2738 esse
447 2721 457 2755 ,
491 2695 561 2737 eam
593 2682 705 2738 cuncta
735 2672 913 2737 mortalium
941 2673 1026 2737 mala

75 2752 268 2840 dissolvere,
289 2757 372 2822 ultra
392 2780 495 2858 neque
524 2779 617 2822 curae
644 2779 748 2843 neque
776 2758 890 2842 gaudio
920 2757 1025 2823 locum

76 2863 157 2907 esse.
190 2839 263 2925 Sed,
267 2865 343 2990 ,Her
358 2842 433 2918 deos
447 2842 638 2910 mmortalis!
661 2863 756 2927 quam
771 2843 812 2908 ob
827 2864 894 2906 rem
908 2844 942 2906 in
957 2865 1025 2906 sen·
1035 2855 1065 2904 21

32 2947 65 3000 30
74 2927 175 2990 tentia
188 2948 252 2990 non

75 3009 317 3076 advorteretur?
352 3011 421 3094 An,
444 3013 518 3098 quia
539 3011 593 3075 lex
612 3011 725 3075 Porcia
744 3011 854 3077 vetat?
881 3011 926 3074 At
945 3011 1025 3074 aliae
1034 3023 1066 3074 22

75 3095 106 3159 lc
130 3117 164 3159 es
185 3097 261 3160 item
284 3095 497 3161 condemnatis
526 3095 648 3161 civibus
676 3118 740 3160 non
770 3097 906 3160 animam
936 3097 1024 3181 eripi,

75 3119 134 3244 sed
156 3179 285 3244 exilium
306 3181 443 3266 permitti
464 3181 582 3244 iubent.
624 3179 693 3264 An,
724 3181 797 3266 quia
824 3180 951 3264 gravius
978 3188 1066 3245 estas

74 3265 239 3330 verberari
265 3287 358 3350 quam
384 3265 515 3330 necari?
559 3264 643 3344 Quid
669 3274 773 3329 autem
795 3263 944 3327 acerbum
971 3272 1026 3328 aut
1070 3279 1073 3284 ’

34 3351 168 3419 animis
191 3371 288 3434 grave
310 3359 358 3414 est
377 3351 411 3413 in
425 3349 567 3415 homines
588 3351 667 3413 tanti
680 3349 827 3414 facinoris
843 3347 1025 3413 convictos?

75 3434 149 3518 Sin,
173 3436 246 3518 quia
267 3433 368 3500 levius
391 3443 453 3500 est:
477 3435 531 3520 qui
552 3435 699 3499 convenit
719 3436 753 3498 in
770 3433 884 3497 minori
898 3434 1068 3519 negotiola

75 3519 181 3605 legem
201 3521 328 3603 timere,
357 3541 428 3584 oum
450 3541 519 3584 eam
540 3521 573 3583 in
594 3519 706 3588 maiori
726 3516 929 3667 ncglcxpris?

109 3620 225 3663 Sallustius

308 2927 427 3008 didisti,
449 2929 496 2991 uti
509 2929 596 3013 prius
611 2928 644 2989 in
659 2948 714 2991 eos
727 2926 913 2992 verberibus
928 2928 1025 2990 anim·
