2520 3966
453 271 617 344 ORATIO
637 269 776 341 MAGRI
1021 273 1082 344 147

136 447 178 514 sd
198 447 301 514 virilis
320 447 377 514 ille
396 469 523 526 vocem,
582 469 601 514 o
622 444 765 512 tribunes
778 444 884 532 plebei
904 446 1007 530 modo,
1027 471 1083 537 ps·

135 533 260 599 tritium
281 535 514 621 magistratum,
560 531 648 598 'bers
679 531 720 596 eb
742 531 922 598 auctoribus
943 533 1082 620 patriciis

136 620 287 705 suffragiu
307 623 443 686 maiores
464 619 564 686 vostri
584 640 792 706 perevere-
806 641 878 684 cum
899 620 948 683 vis
970 623 1081 704 omnis,

136 703 286 789 Quirites,
308 706 342 769 in
364 705 455 771 vebis
478 706 518 770 sit
540 714 580 788 et,
605 727 687 793 quse
718 704 806 769 iussa
826 726 912 769 nunc
932 727 989 790 pre
1011 702 1081 772 eliis

109 789 285 874 steleretis,
308 813 365 877 pro
386 789 478 857 vebis
501 812 597 878 egere
618 799 674 856 sut
699 811 764 854 ncn
786 813 882 876 egere
904 806 990 858 certe
1012 813 1082 877 pce·

78 900 82 908 ·
135 875 212 960 sitis,
235 875 343 943 Iovem
365 877 538 942 eutalium
560 898 655 963 quem
681 875 776 942 deum
797 875 1009 942 consultorem
1028 900 1082 943 ex·

156 961 294 1028 ectstis‘?
325 962 444 1049 Magna
464 961 519 1027 ills
551 960 716 1028 consulum
747 963 880 1064 imperis
906 972 937 1029 et
957 968 1123 1048 patrumm

134 983 263 1114 becrets
283 1069 344 1120 vos
374 1047 562 1151 exequendo
593 1057 663 1113 rste
694 1046 828 1130 efficitis,
861 1046 1012 1131 Quirites,
1035 1048 1081 1115 ul·

133 1140 246 1220 troque
268 1133 428 1200 licentiam
447 1157 482 1200 m
502 1155 560 1201 vos
583 1143 710 1198 auctum
732 1144 826 1220 etque
848 1133 990 1199 ediumm
1010 1156 1081 1221 pro·

96 1220 262 1304 reperitis.
305 1219 417 1307 Neque
439 1242 499 1307 ego
519 1241 578 1286 vos
599 1218 701 1284 ultum
721 1219 851 1284 iniurias
873 1217 994 1304 hortor,
1016 1242 1120 1296 mer-17

133 1305 183 1390 gis
205 1305 252 1368 uti
271 1305 414 1392 requiem
441 1306 593 1392 capietis3
625 1327 730 1392 neque
762 1305 952 1383 discordias,
974 1316 1010 1371 ut
1035 1305 1081 1371 illi

134 1389 348 1473 criminantur,
371 1390 428 1456 sed
449 1413 559 1459 earum
589 1390 687 1457 finem
707 1391 818 1457 volens
851 1393 919 1458 iure
940 1393 1081 1478 gentium

133 1496 185 1541 res
206 1485 315 1563 repeto
337 1483 377 1560 et,
401 1478 429 1540 si
449 1477 652 1565 pertinaciter
683 1475 872 1561 retinebunt,
905 1500 970 1543 non
992 1500 1081 1544 erma

133 1582 238 1649 neque
270 1563 491 1646 secessionem,
525 1562 741 1628 tantummodo
773 1586 815 1630 ne
847 1586 898 1628 am
920 1562 981 1628 lius
1009 1586 1079 1629 san·

93 1665 124 1717 tt
178 1647 261 1714 'em
292 1656 434 1714 vestrim
464 1647 643 1736 praebeatis
683 1649 829 1715 censebo.
909 1661 1000 1715 erant
1025 1647 1121 1713 hie-¹8

156 1754 216 1797 een
250 1756 292 1801 ue
314 1757 371 1802 suc
392 1733 487 1801 modo
511 1734 665 1820 imperie3
700 1743 853 1820 quaerent
884 1732 1079 1819 trimnpbos5

131 1817 240 1882 Mithri
281 1828 355 1904 tem,
378 1819 552 1887 Sertorium
584 1828 616 1886 et
635 1817 784 1906 reliquiae
817 1818 946 1886 exirlum
973 1841 1079 1906 perse·

134 1915 271 1990 quantem
302 1927 374 1971 cum
404 1903 595 1992 imaginibus
625 1906 704 1969 suis:
738 1905 821 1971 absit
874 1904 1026 1972 ericulum
1048 1913 1079 1970 et

133 1987 222 2056 labos
245 1989 360 2079 quibus
380 1991 470 2057 nulls
489 2013 564 2076 pers
586 1990 706 2056 fructus
729 1999 786 2058 est.
858 1991 898 2055 isi
929 1989 1010 2056 forte
1030 2001 1120 2058 rete

90 2076 263 2162 repentina
282 2077 345 2143 iste
365 2077 571 2144 frumentsris
592 2076 663 2163 lege
685 2077 793 2141 munia
813 2086 922 2142 vostre
942 2098 1078 2162 pensen-

131 2173 203 2230 tur:
227 2185 291 2249 quc
311 2172 418 2229 tamen
447 2163 551 2251 quinis
584 2162 696 2229 modiis
728 2161 907 2229 libertatem
938 2163 1079 2227 omnium

131 2257 359 2332 aestimavere,
383 2251 437 2336 qui
479 2247 597 2314 refecto
629 2270 694 2314 non
715 2247 849 2335 emplius
870 2256 1002 2335 possunt
1023 2247 1078 2314 ali·

131 2334 244 2398 mentis
266 2336 412 2402 carceris.
457 2271 622 2422 bamque,
645 2343 681 2399 ut
705 2331 768 2399 iliis
801 2334 852 2398 exi
897 2335 971 2400 ’tete
992 2355 1077 2401 mors

151 2418 323 2505 rohibetur,
346 2430 516 2487 senescunt
537 2423 632 2504 vires,
650 2420 696 2484 sic
716 2442 821 2507 neque
844 2442 864 2486 a
887 2419 980 2486 solvit
1001 2441 1078 2486 cure

90 2441 277 2576 zsiemilieri
297 2515 363 2572 tem
388 2529 489 2594 pm'vc
509 2528 562 2572 res
585 2515 617 2572 et
637 2506 799 2592 ignavium
813 2506 966 2593 cuiusque
988 2514 1076 2571 tenu·

130 2591 250 2655 issume
271 2613 327 2678 spe
348 2591 532 2658 buencum:
556 2613 638 2679 quse
666 2600 774 2660 tamen
807 2592 951 2680 quemvis
974 2591 1117 2678 emplatt

131 2677 279 2763 quoniam
301 2679 408 2742 serviti
428 2678 565 2764 pretium
589 2685 808 2762 ostentaretur,
832 2679 920 2742 cuius
942 2677 1077 2763 torpedi-

129 2763 270 2830 uiseret
301 2762 457 2849 decipiet
482 2771 661 2829 vostrarum
691 2786 799 2829 rerum
830 2763 913 2829 ultro
944 2763 1076 2827 iniuriae

129 2848 264 2934 gratiam
286 2846 430 2916 debere?
461 2847 606 2937 Namque
638 2847 700 2916 clio
721 2849 815 2917 modo
842 2870 884 2917 ne
906 2872 948 2916 uc
969 2847 1077 2915 velent

89 2936 162 3001 eoin
183 2936 349 3001 univorsos
381 2957 486 3023 neque
518 2933 726 3001 conabuntur.
781 2871 951 3000 Cevenbus
985 2933 1075 3000 dolus
1085 2947 1113 2998 21

129 3029 186 3086 est
229 3020 342 3108 Itaque
374 3019 468 3086 simul
495 3030 669 3172 conpqrent
701 3020 914 3087 delenimenta
936 3030 967 3087 et
989 3019 1075 3084 diffe-

127 3116 201 3172 runt
221 3129 279 3172 ves
300 3108 334 3170 in
355 3105 528 3172 adventum
603 3108 653 3172 eei
672 3107 823 3192 Pompei:
846 3128 941 3193 quem
961 3107 1074 3193 ipsum,

128 3190 183 3256 ubi
213 3195 404 3279 pertimuere
437 3191 599 3258 subletum
629 3194 663 3258 in
696 3193 837 3258 cervices
871 3214 962 3274 sues,
997 3213 1072 3257 mox

129 3279 255 3364 dempto
277 3287 363 3345 metu
385 3277 535 3344 lacerent.
588 3277 701 3366 Neque
728 3299 782 3344 eos
802 3276 910 3363 pudet,
932 3275 1074 3342 vindices
1084 3295 1116 3344 22

89 3365 174 3430 scuti
196 3385 231 3429 se
251 3362 357 3430 ferunt
377 3362 551 3447 libertatis,
584 3372 631 3430 tot
651 3365 737 3430 viros
770 3363 840 3429 sine
865 3385 929 3430 unc
951 3371 1006 3428 aut
1026 3386 1075 3429 re·

128 3450 251 3518 mittere
272 3449 421 3533 iniuriam
440 3471 506 3515 non
528 3447 645 3516 cudere
672 3449 797 3514 eutius
817 3471 883 3515 non
895 3469 999 3536 ⁴posse
1022 3447 1074 3512 de-

128 3535 265 3601 fendere.
286 3522 367 3601 Mihi
382 3533 509 3622 quidem
524 3536 600 3600 setis
616 3542 789 3621 spectatum
812 3544 860 3601 est
880 3533 1074 3621 Pompeium,
1084 3553 1116 3604 28
