2502 3968
213 239 256 308 ro
407 215 411 219 ’
499 239 726 308 rvavarns
747 241 872 307 1a-1s

212 431 273 498 que
304 411 496 499 opulentior,
528 410 698 496 Iugurthae
724 411 873 497 traditum
905 411 995 476 illam
1030 411 1167 479 alteram

210 519 226 560 s
250 496 316 562 ecie
338 519 432 598 quarn
453 519 513 561 usu
529 499 699 583 potiorem,
722 520 804 583 quae
823 498 1004 648 portuosior
1025 506 1058 562 et
1078 497 1165 562 aedi·

233 583 290 646 ciis
312 605 412 668 magra
435 590 587 647 exornata
608 592 690 666 erat,
713 582 823 648 Adher
846 583 877 648 al
897 581 1048 669 possedit

168 686 200 746 n
271 667 335 731 Res
355 667 514 753 postulare
542 667 668 734 videtur
692 667 821 734 Africae
850 671 944 732 situm
993 669 1081 731 aucis
1110 691 1165 732 ex·

210 773 342 838 ponere,
365 762 397 817 et
418 774 471 818 eas
493 755 612 839 gentis,
643 754 830 841 quibuscum
851 753 943 818 nobis
965 690 1087 818 bellum
1109 763 1191 829 auto
1235 797 1236 856 ,

185 837 346 911 2amicitia
366 837 438 921 fuit,
461 841 624 925 attingere.
668 839 733 906 Sed
755 861 836 926 quac
865 839 937 904 loca
965 845 997 902 et
1017 839 1166 903 nationes

209 922 249 986 ob
273 921 409 988 calorem
431 933 485 988 aut
506 947 540 988 as
565 927 723 1008 critatem,
752 925 829 989 item
851 923 1035 989 solitudines
1057 925 1166 988 minus

208 1007 405 1094 frequentata
426 1020 513 1093 sunt,
536 947 577 1074 de
599 1010 644 1074 cis
666 1008 751 1075 haud
771 1009 866 1074 facile
887 1016 1073 1096 conpertum
1091 1031 1165 1073 nar·

186 1094 360 1179 araverim3
393 1105 498 1160 cetera
533 1117 628 1181 quam
659 1096 868 1182 paucissumis
901 1093 1075 1159 absolvam.
1125 1095 1165 1158 In

207 1177 361 1244 divisione
383 1180 468 1245 orbis
489 1191 592 1246 terrae
611 1179 756 1269 plerique
770 1181 805 1246 in
818 1187 907 1266 parta
918 1181 1010 1245 tertia
1020 1179 1166 1245 Africam
1178 1204 1208 1252 m

206 1283 350 1348 posuere,
372 1267 465 1351 pauci
479 1266 693 1331 tantummodo
716 1265 827 1330 Asiam
851 1273 883 1329 ot
895 1265 1058 1351 Europam
1081 1286 1164 1349 esse,
1235 1319 1236 1332 r

183 1349 264 1428 4sed
284 1350 424 1414 Africam
444 1352 478 1415 in
499 1351 636 1437 Europa
658 1351 708 1415 Ea
726 1351 799 1415 finis
817 1350 915 1416 babet
934 1350 975 1416 ab
998 1351 1166 1416 occidente

207 1433 320 1497 fretum
341 1437 441 1500 nostri
460 1438 556 1500 maris
572 1445 605 1501 et
618 1436 749 1519 Oceani,
772 1435 813 1502 ab
828 1445 899 1502 ortu
913 1435 989 1502 solis
1003 1435 1165 1501 declivem
1235 1439 1236 1488 ἲ

207 1518 418 1603 latitudinem,
449 1544 543 1609 quem
570 1521 675 1586 locum
698 1520 929 1588 Catabathmon
955 1521 1081 1587 incolae
1109 1523 1165 1586 ad-

184 1637 198 1685 3
230 1603 335 1668 allant
378 1605 467 1671 Mare
502 1629 632 1672 saevum
663 1608 897 1694 importuosum
931 1629 1008 1692 ager
1034 1606 1207 1693 augasma

207 1626 327 1773 lertilia,
348 1690 451 1755 bonus
462 1694 586 1778 pecori,
602 1693 715 1757 arbore
730 1693 934 1777 infecundum
957 1691 1046 1757 caelo
1062 1699 1165 1758 terra·

182 1795 269 1862 gque
288 1777 422 1861 penuria
442 1800 604 1863 aquarum.
642 1777 751 1843 Genus
766 1778 928 1843 bominum
950 1777 1072 1842 salubri
1095 1800 1164 1844 cor·

205 1883 299 2010 ἔξω,
330 1861 444 1947 velox,
477 1866 601 1951 patiens
629 1862 790 1946 laborum3
823 1863 992 1965 plerosque
1014 1873 1165 1929 senectus

229 1947 365 2032 'solvit‚
394 1951 458 2015 nisi
480 1951 535 2037 qui
561 1950 645 2014 ferro
672 1959 726 2014 aut
750 1949 860 2014 bestris
881 1949 1045 2032 interiere;
1076 1953 1167 2029 [nam

204 2033 333 2098 morbus
347 2033 433 2101 haud
448 2057 544 2122 saepe
561 2056 750 2121 quemquam
768 2043 903 2121 superat,
924 2033 979 2098 Ad
988 2031 1059 2114 hoc]
1071 2034 1165 2099 mali-
1173 2055 1205 2108 2⁰

182 2116 257 2184 tfici
289 2122 413 2204 generis
442 2121 590 2208 pluruma
621 2119 778 2184 animalia.
828 2118 894 2186 Sed
925 2120 980 2205 qui
1011 2119 1165 2184 mortales

204 2203 292 2269 initio
313 2204 454 2270 Africam
475 2206 658 2289 habuerint,
688 2207 804 2293 quique
825 2214 937 2291 postca
958 2207 1162 2288 accesserint,

204 2296 260 2352 aut
279 2311 341 2374 quo
362 2292 455 2357 modo
478 2294 616 2356 interae
637 2291 786 2378 permixti
808 2293 884 2374 sint,
907 2311 1098 2377 quamquam
1121 2290 1163 2356 ab

205 2374 337 2438 cafama
358 2383 438 2461 quae
479 2376 625 2463 laresque
640 2376 761 2442 obtinet
775 2375 935 2440 divorsum
951 2381 1029 2458 [cst],
1051 2384 1161 2440 tamen

204 2459 250 2523 uti
272 2480 314 2522 ex
335 2459 423 2524 libris
473 2463 589 2544 unicis,
613 2464 667 2547 qui
687 2462 772 2546 regia
793 2461 987 2548 Hiempsalis
1009 2461 1203 2528 diceban-aa

205 2554 271 2626 tur,
293 2547 531 2630 interpretatum
552 2547 644 2611 nobis
668 2555 728 2630 est,
751 2547 858 2632 utique
872 2539 940 2611 reni
956 2567 1025 2610 sese
1039 2543 1161 2611 babere

207 2629 341 2711 cultores
365 2632 431 2695 cius
453 2640 556 2697 terrae
571 2641 690 2718 putant,
714 2654 808 2718 quam
821 2632 1029 2717 paucissumis
1044 2631 1160 2696 dicam.

162 2713 355 2784 fflOeterum
376 2716 455 2782 fides
479 2718 547 2783 eius
568 2719 615 2782 rei
629 2739 727 2804 penes
750 2725 894 2782 auctores
917 2718 984 2781 erit
1017 2715 1160 2781 Africam

205 2802 293 2865 initio
315 2799 455 2866 habuere
479 2803 608 2870 Gaetuli
629 2811 661 2866 et
680 2801 816 2885 Libuos,
846 2803 951 2887 asperi
973 2801 1159 2887 incultique,

204 2887 273 2973 quis
296 2886 384 2952 cibus
407 2897 475 2953 arat
497 2911 569 2956 caro
591 2888 693 2952 ferina
713 2895 807 2972 atque
827 2885 916 2952 burni
929 2885 1089 3036 pabulum,
1111 2888 1200 2961 utiao

179 2973 380 3058 apecoribus.
423 2973 467 3038 Hi
489 2994 592 3062 neque
614 2971 771 3055 moribus,
799 2992 903 3059 noque
944 2994 1002 3056 ege
1025 2981 1079 3036 aut
1099 2974 1156 3036 im-

203 3059 291 3143 perio
314 3061 402 3125 cuius
424 3082 498 3124 uam
519 3057 725 3144 regebantur;
748 3059 823 3142 vagi
843 3055 986 3144 palantes
1029 3079 1071 3120 ua
1091 3079 1158 3122 nox

180 3153 351 3228 tcoegerat
372 3082 465 3210 sedes
487 3143 657 3210 habebant.
686 3141 749 3208 Sed
766 3149 933 3229 postquam
953 3142 988 3206 in
1036 3143 1159 3227 'spania

203 3227 374 3311 Hercules,
398 3231 490 3294 sicuti
504 3228 575 3292 Afri
595 3237 721 3315 putant,
742 3228 877 3310 interiit,
899 3228 1055 3292 exercitus
1078 3227 1157 3311 eius,

204 3315 383 3400 conpositus
413 3337 454 3379 ex
480 3315 577 3379 variis
599 3312 759 3400 gentibus,
787 3313 901 3377 amisso
924 3312 1004 3376 duce
1026 3333 1064 3376 ac
1083 3329 1195 3397 pas-³⁸

203 3399 264 3461 sim
284 3397 390 3464 multis
413 3399 474 3464 sibi
497 3401 629 3485 quisque
651 3399 694 3462 im
718 3400 817 3463 crium
860 3397 1016 3462 stantibus
1061 3396 1154 3462 brevi

180 3481 360 3554 adilabitur.
403 3483 457 3548 Ex
484 3507 522 3550 eo
549 3505 679 3548 numero
694 3421 793 3548 Pbladi
848 3503 937 3548 orsae
959 3492 991 3547 et
1010 3445 1153 3566 drmeni,
