2502 3968
120 274 183 327 XVI

225 452 286 506 Iam
300 451 386 523 iqitar
400 450 472 506 nihil
486 455 580 520 restat,
595 449 651 504 nisi
664 455 696 504 nt
710 449 850 506 codicis
866 449 1037 506 Vaticani
1051 454 1146 514 3864,

122 539 156 594 de
171 556 222 610 qno
236 555 323 608 snpra
338 537 446 600 manni,
480 536 577 590 varias
592 535 716 591 lectiones
731 537 782 590 leno
797 537 1029 592 transscribereni.
1077 536 1147 593 Con-

122 625 241 680 tinontnr
261 623 292 676 in
314 640 343 677 eo
361 622 484 692 primam
507 621 643 676 orationes
658 640 688 676 en
706 621 828 677 Catilina
854 629 879 676 et
893 624 1029 694 Inantla
1044 625 1087 677 ita
1102 641 1147 678 eoe-

124 716 244 781 oorptae,
278 715 309 762 nt
335 708 410 764 insta
437 707 506 763 serie
534 725 590 762 sese
612 707 761 777 waplam,
796 708 861 764 inde
882 727 901 762 a
917 708 972 777 fol.
999 710 1059 765 109
1082 712 1148 766 ado.

123 815 206 868 usqne
228 798 268 850 ad
282 793 338 863 fol.
363 792 519 883 Ili-adv.³
542 794 590 848 nbi
611 794 793 864 subscriptam
816 795 916 864 leqitnr
1073 782 1077 790 ¹

425 897 455 950 C.
481 895 615 951 CRISPI.
639 895 838 952 SALLVSTI.

284 981 508 1037 ORATIONIS.
532 981 741 1036 EXCERPTE
764 983 816 1036 DE
840 981 985 1037 BELLIS.

413 1066 610 1122 EXPLICIT.
632 1067 850 1124 FELICITER.

121 1155 253 1212 Secuntur
269 1153 326 1222 fol.
351 1153 411 1208 119
434 1171 477 1207 av.
500 1171 572 1208 nova
594 1171 653 1207 oron
674 1154 850 1223 inscriptione

423 1257 452 1312 C.
478 1254 615 1312 CRISPI.
642 1255 841 1312 SALLVSTI.

247 1340 481 1399 ORATIONES.
505 1341 712 1396 EXCERPTE
735 1341 788 1395 DE
811 1340 1016 1396 HISTORIIS.

439 1427 586 1483 INCIPIT
608 1425 827 1484 FELICITER.

123 1515 226 1588 Aanen
248 1514 381 1568 claudant
396 1513 453 1582 fol.
470 1512 531 1568 124
553 1531 597 1569 av.
620 1515 712 1568 eadern
734 1513 804 1567 serie
827 1530 859 1566 en
877 1511 1000 1567 Catilina
1014 1510 1149 1582 Inanllra

123 1600 260 1655 Historiis
274 1605 417 1669 excerptae

521 1683 749 1739 EPISTVLAE.

124 1771 248 1841 Sinqolis
266 1771 381 1841 popinis
401 1769 496 1824 insnnt
517 1787 611 1824 versas
624 1770 732 1824 XXXI.
780 1761 875 1824 ‘Codex
890 1775 946 1823 tarn
962 1771 1024 1824 bene
1039 1785 1072 1822 aa
1083 1783 1149 1837 per-

124 1857 217 1928 spione
246 1855 363 1924 scriptas
391 1851 453 1925 est,'
493 1872 561 1926 qnae
588 1856 672 1910 verba
692 1863 754 1908 sant
777 1855 1012 1922 Forcilammeri,
1054 1843 1089 1906 ‘nt
1117 1853 1151 1906 de

126 1944 237 1998 leotione
263 1959 330 1996 raro
360 1941 484 1996 dubitare
505 1941 603 2010 possis.
647 1940 745 2009 Siquid
768 1947 914 1995 eorreotnrn
937 1949 983 2006 est,
1016 1937 1151 1993 nonalia

124 2047 207 2084 mann
216 2027 325 2096 facturn
340 2025 463 2083 videtur!
492 2027 533 2082 Ao
546 2043 579 2080 ne
594 2025 705 2096 sinqnla
721 2043 840 2096 qnaeqne
854 2027 979 2098 inqratia
993 2024 1151 2096 repetitione

124 2115 301 2188 anmalentnr,
325 2114 418 2168 statim
439 2114 467 2168 l.
490 2113 510 2166 l.
533 2127 640 2166 monere
661 2113 737 2166 iurat
758 2129 861 2182 semper
882 2112 912 2165 in
935 2112 1025 2166 codiee
1046 2109 1150 2178 scripta

124 2217 291 2268 saepiussi,
314 2201 442 2271 paulum,
466 2197 648 2264 beneficium,
666 2197 796 2252 existimo
813 2199 942 2265 aestimo,
959 2199 1032 2252 libet
1047 2195 1149 2267 libido,

126 2287 259 2343 divarum
281 2291 378 2342 vester
400 2291 425 2339 et
447 2301 516 2353 qnae
545 2293 606 2338 sant
634 2287 691 2337 eins
718 2286 824 2354 qenais
852 2283 973 2354 reliqna,
1005 2289 1151 2352 praeterea

124 2372 303 2442 superlativos
331 2371 361 2424 in
390 2372 464 2426 imus
487 2371 647 2430 terminata.
681 2369 738 2424 nisi
766 2372 814 2424 nbi
835 2370 895 2425 alia
922 2375 1016 2424 estare
1042 2368 1149 2422 notabo.

127 2455 221 2513 Cetera
248 2456 339 2512 omnia
362 2473 430 2526 qnae
456 2455 488 2508 in
509 2457 598 2524 ipsam
621 2459 719 2508 natam
742 2473 796 2510 non
816 2457 921 2524 recepi,
954 2455 1011 2510 sais
1038 2452 1150 2524 sinqola

124 2544 191 2598 loeis
212 2559 245 2597 en
260 2541 556 2596 Forolleomrneri
577 2539 726 2595 conlatione
748 2540 790 2595 ita
805 2540 923 2607 exhibui,
946 2550 975 2592 at
988 2541 1083 2609 siqnae
1097 2554 1151 2592 non
1249 2541 1250 2604 ζ

123 2629 179 2682 nisi
200 2629 277 2684 illins
298 2628 405 2684 silontio
425 2626 549 2682 nitantur
570 2627 697 2681 asterisco
719 2628 874 2684 notaverim.
896 2625 990 2680 Animi
1013 2641 1097 2680 cansa
1118 2640 1151 2678 ea

124 2714 207 2769 simod
229 2713 364 2780 indicavi,
404 2730 472 2785 qnae
498 2713 543 2766 lio
572 2713 633 2766 illie
655 2730 686 2766 es
707 2715 795 2766 eodem
817 2712 908 2767 codice
933 2710 1151 2766 Certaolrias

123 2801 245 2870 protulit,
261 2800 341 2872 siqlis
355 2817 422 2853 nsns
441 2796 468 2852 G
480 2800 497 2852 1
519 2796 578 2852 62
596 2797 653 2852 G&
669 2798 766 2868 qnibns
780 2797 910 2852 editiones
926 2816 951 2853 a.
970 2795 1051 2852 1823
1067 2791 1152 2850 1832

127 2884 409 2956 1850siqnifioarem‚
421 2887 469 2938 sed
480 2901 548 2952 qnae
554 2884 693 2954 illepidae
700 2884 789 2940 omisit
796 2884 990 2939 adnotarenon
1000 2882 1149 2937 adtinebat.

227 2972 297 3042 Paq.
316 2961 367 3026 14.
394 2972 422 3024 1.
446 2967 578 3025 Oratio
595 2968 788 3026 Catilinae
811 2971 907 3040 apud
929 2970 1151 3026 coniuratos

128 3071 163 3128 G.
180 3075 215 3140 1,·
238 3074 272 3128 F.
296 3080 366 3127 tacet
386 3061 395 3150 ss
415 3049 501 3129 VR]
520 3061 530 3149 ll
551 3072 621 3128 for&
643 3061 652 3148 Η
675 3080 818 3143 oportuna
839 3091 873 3126 en
895 3073 1073 3136 correctione;
1089 3069 1150 3140 fnit

125 3167 287 3230 opportuna
308 3147 318 3235 ll
341 3161 357 3213 6
381 3157 470 3215 fortes
487 3154 580 3228 (fortis
600 3154 673 3228 (2³3)
695 3147 704 3234 ll
729 3159 767 3213 12
791 3159 882 3231 magis
905 3160 1056 3230 magisque
1077 3145 1087 3233 ll
1111 3157 1149 3212 18

125 3245 194 3300 boni
217 3253 304 3317 atque
327 3245 446 3314 strenui,
470 3244 585 3300 nobiles
602 3244 626 3298 a
642 3244 785 3316 ignobiles
808 3234 817 3320 ll
840 3240 900 3298 20*
923 3244 958 3300 iia
985 3237 1039 3316 (ita
1057 3242 1150 3312 612,

124 3330 170 3385 his
189 3327 261 3400 ae)
283 3319 292 3407 (1
317 3319 375 3385 23*
397 3331 483 3387 nobis
498 3330 641 3402 reliquere
657 3332 787 3402 pericula
803 3330 934 3402 repulsas
950 3331 1006 3384 sita
1018 3327 1051 3398 G
1066 3329 1091 3403 1,
1107 3347 1151 3386 re·

124 3417 273 3578 pulsioeffe
296 3416 381 3473 nobie
401 3409 474 3489 (2³2)
499 3405 509 3492 ΙΙ
533 3416 573 3469 24
597 3434 613 3471 o
636 3415 787 3472 fortissimi
803 3417 857 3482 uiri
879 3403 889 3492 ΙΙ
913 3415 951 3471 28
976 3416 1120 3472 hominem
1142 3405 1153 3492 ss

124 3501 208 3558 uobis
