2520 3966
380 239 608 310 IVGVRTHA
628 241 757 308 42-44
1002 224 1045 308 11

86 413 160 563 riup
199 433 252 477 me
287 411 420 478 deseret.
476 413 580 492 Quam
615 412 656 478 ob
693 436 761 478 rem
803 413 845 478 ad
887 415 1046 500 inceptum

86 521 127 562 re
152 519 199 562 eo.

157 584 235 649 Post
253 581 331 646 Auli
351 582 462 648 foedus
486 584 705 671 exercitusque
726 585 826 650 nostri
847 583 971 650 foedam
999 583 1045 648 fu·
1060 581 1099 640 4³

89 691 167 754 gam
190 668 326 747 Quintus
347 668 494 734 Metellus
524 679 556 734 et
575 670 702 736 Marcus
729 669 872 751 Silanus,
901 668 1045 735 consules

59 780 79 828 5
94 754 263 838 designati,
285 755 465 839 provincias
480 756 562 820 inter
584 777 618 820 se
632 755 836 843 partirerant,
858 753 1048 841 Metelloque

91 838 246 903 Numidia
267 849 432 924 evenerat,
463 841 529 905 aori
554 842 623 907 viro
646 850 678 906 et
699 863 889 928 quamquam
914 839 1048 904 advorso

118 923 208 1010 epuli
228 926 381 1011 partium,
409 925 495 990 fama
515 935 621 990 tamen
642 925 802 1013 aequabili
830 936 862 992 et
888 924 1047 990 inviolata

91 948 125 1073 le
148 1009 205 1074 ubi
225 1011 362 1097 primum
382 1013 600 1096 magistratum
620 1011 782 1098 ingressus
806 1021 870 1094 est,
890 1011 964 1076 salia
985 1031 1073 1078 om·2

91 1097 149 1160 nia
164 1094 226 1161 sibi
241 1117 313 1159 cum
328 1094 451 1182 collega
471 1106 569 1180 ratus,
592 1096 634 1161 ad
646 1096 776 1181 belluni,
800 1097 884 1182 quod
905 1105 1049 1182 gesturus

42 1189 179 1265 10erat,
203 1182 342 1245 animum
363 1181 506 1246 intendit.
549 1183 649 1268 Igitur
671 1181 817 1248 diffidens
838 1184 939 1248 veteri
961 1200 1073 1250 exer-³

94 1267 189 1349 citui,
212 1266 328 1332 milites
351 1267 504 1351 scribere,
526 1268 687 1354 praesidia
707 1268 847 1354 undique
869 1289 1048 1350 accersere;

92 1374 185 1416 arma
220 1351 285 1416 tela
323 1374 420 1438 equos
462 1361 494 1417 et
535 1362 640 1418 cetera
676 1354 884 1420 instrumenta
919 1353 1050 1418 militiae

90 1459 217 1524 parare,
241 1436 364 1502 adhoc
386 1447 594 1503 commeatum
616 1439 761 1504 adfatim:
785 1439 921 1526 denique
936 1438 1049 1520 omnia,

94 1545 179 1609 quae
207 1524 241 1588 in
266 1522 352 1588 bello
373 1524 462 1589 vario
486 1532 518 1588 et
537 1521 706 1589 multarum
731 1547 837 1590 rerum
866 1525 970 1611 egenti
991 1544 1051 1588 usu

48 1630 168 1682 15esse
195 1607 307 1674 solent.
352 1607 500 1674 Ceterum
529 1608 571 1674 ad
599 1631 637 1673 ea
665 1610 821 1697 patranda
849 1611 950 1676 senati
978 1627 1075 1675 auos

93 1695 223 1759 toritate
258 1693 336 1759 socii
367 1716 545 1780 nomenque
578 1694 740 1779 Latinum,
780 1705 812 1761 et
843 1718 935 1782 reges
968 1694 1050 1760 ultro

95 1779 218 1844 auxilia
245 1778 415 1863 mittimdo,
455 1788 615 1866 postremo
647 1783 749 1846 omnis
782 1782 893 1846 civitas
929 1801 1050 1844 summo

95 1864 202 1930 studio
236 1862 446 1930 adnitebatur.
495 1865 606 1951 Itaque
642 1888 684 1930 ex
718 1868 873 1931 sententia
906 1864 1074 1932 omnibuss

92 1949 192 2018 rebus
219 1952 338 2038 paratis
365 1951 611 2038 conpositisque,
641 1951 676 2016 in
702 1949 882 2016 Numidiam
911 1950 1050 2037 proficis-

48 2063 83 2114 20
96 2035 194 2120 citur,
224 2059 341 2122 magna
369 2059 426 2124 spe
449 2037 579 2121 civium,
610 2058 682 2102 cum
703 2046 832 2124 propter
854 2037 929 2101 artis
950 2035 1050 2102 bonas

94 2131 163 2187 tum
185 2145 348 2205 maxume,
372 2121 457 2208 quod
479 2121 649 2186 advorsum
671 2121 796 2187 divitias
811 2123 964 2188 invictum
985 2121 1050 2186 ani·

93 2229 183 2272 mum
204 2207 352 2293 gerebat,
375 2218 407 2273 et
428 2208 562 2272 avaritia
574 2209 816 2293 magistratuum
837 2216 911 2272 anto
925 2207 960 2272 id
973 2216 1050 2272 tem·

94 2315 155 2380 pus
177 2295 211 2356 in
236 2293 386 2358 Numidia
413 2302 541 2358 nostrae
571 2315 646 2379 opes
677 2303 825 2358 contusae
851 2293 1050 2381 hostiumque

96 2387 208 2444 auctae
232 2388 330 2442 erant.

51 2487 84 2537 25
161 2463 227 2529 Sed
247 2463 304 2529 ubi
325 2465 359 2526 in
379 2462 522 2528 Africam
543 2465 646 2547 venit,
679 2466 836 2530 exercitus
868 2467 898 2530 ei
919 2465 1052 2530 traditur
1060 2476 1098 2532 44

95 2573 116 2614 a
138 2547 252 2636 Spurio
273 2548 392 2613 Albino
437 2571 472 2614 ro
503 2548 632 2615 consule
661 2550 745 2614 iners
772 2549 916 2635 inbellis,
948 2573 1051 2637 neque

95 2633 232 2722 periculi
252 2656 356 2720 neque
378 2572 495 2699 laboris
524 2636 666 2720 patiens,
696 2634 806 2721 lingua
836 2659 929 2723 quam
956 2658 1052 2700 manu

94 2721 285 2807 promptior,
307 2719 476 2806 praedator
491 2741 532 2783 ex
547 2721 640 2785 sociis
656 2721 769 2808 etipse
805 2720 903 2786 raeda
915 2721 1052 2786 hostium

96 2807 166 2871 sine
196 2806 329 2892 imperio
360 2813 392 2870 et
426 2804 582 2869 modestia
609 2805 744 2870 habitus.
783 2744 837 2872 lta
870 2807 1076 2894 imperatorit

53 2913 180 2967 aenove
201 2889 273 2978 plus
297 2913 338 2955 ex
358 2889 449 2954 malis
472 2889 611 2955 moribus
636 2889 870 2975 sollicitudinis,
895 2915 989 2979 quam
1010 2913 1051 2954 ex

96 2977 190 3077 copia
209 2976 344 3040 militurn
367 2975 466 3038 auxili
488 2985 542 3039 aut
564 2976 633 3062 spei
653 2974 756 3042 bonae
772 2976 952 3042 accedebat.
982 2975 1075 3042 Sta-³

95 3070 157 3128 turt
169 3071 275 3126 tamen
289 3058 446 3144 Metellus,
470 3082 659 3146 quamquam
676 3072 707 3126 et
722 3063 913 3126 aestivorum
927 3071 1050 3148 tempus

97 3147 295 3213 comitiorum
316 3167 407 3211 mora
427 3146 632 3229 inminuerat,
664 3155 694 3210 et
716 3148 935 3234 expectatione
958 3168 1051 3212 even·

96 3243 148 3298 tus
171 3232 288 3298 civium
302 3232 424 3296 animos
439 3232 575 3296 intentos
590 3231 729 3317 putabat,
752 3255 816 3296 non
830 3233 918 3319 prius
932 3230 1052 3298 bellum

56 3339 88 3390 at
98 3319 253 3404 attingere
296 3339 371 3384 uam
391 3317 546 3381 maiorum
569 3316 735 3404 disciplina
762 3317 878 3383 milites
907 3317 1052 3383 laborare

99 3405 264 3490 coegisset.
310 3401 514 3485 amAlbinus,
525 3401 714 3466 Aulifratris
726 3404 947 3489 exercitusque
962 3401 1076 3468 clades

96 3487 275 3577 perculsus,
297 3497 465 3577 postquam
480 3487 665 3554 decreverat
678 3509 741 3555 non
757 3490 865 3574 egredi
879 3488 1052 3576 provincia,
