2502 3968
237 202 242 208 ·
345 257 550 330 ossuum
572 259 711 326 14--16
966 261 1007 326 11

60 427 212 517 cuiusque
224 426 361 495 studium
376 450 418 496 ex
432 437 534 496 aetate
545 428 707 516 flagrabat,
722 429 795 498 aliis
805 437 911 500 scorta
918 451 1009 518 pras·

58 511 144 595 bere,
160 511 231 594 aliis
247 535 341 578 canes
356 523 450 601 atque
465 537 563 600 equos
573 516 721 582 mercari:
737 525 894 602 postremo
905 538 947 580 ne
968 538 1009 580 ue

59 597 197 682 sumptui
224 620 328 683 neque
357 599 530 664 modestiae
559 621 635 666 suae
663 622 811 686 parcere,
842 601 916 666 dum
936 538 1008 665 iiius

60 679 214 746 obnoxios
235 681 377 768 fidosque
400 683 461 748 sibi
481 685 609 750 faceret
642 684 716 750 Scio
730 685 828 754 fuisse
842 684 1032 751 nonnuloss
1104 704 1108 715 ’

38 766 112 850 squi
132 767 179 830 ita
200 767 434 852 existumarent,
455 769 659 852 iuventutem,
681 777 762 856 quae
778 771 904 836 domum
926 769 1009 834 (lati-

59 850 141 916 linae
153 851 380 937 frequentabat,
391 877 504 939 parum
514 855 644 919 honeste
655 855 839 941 pudicitiam
848 853 1009 934 habuisse,

60 935 114 1000 sed
144 958 186 1000 ex
213 935 282 1000 aliis
309 937 404 1002 rebus
433 941 550 1026 magis,
582 961 677 1024 quem
706 940 790 1026 quod
812 941 957 1025 cuiquam
977 938 1011 1002 id

60 1043 117 1085 con
142 1030 243 1086 ertum
271 1021 367 1104 foret,
396 1023 476 1088 haec
504 1024 588 1089 fama
611 1024 746 1088 valebat.
786 1024 855 1094 Iam
875 1025 1059 1110 primum¹⁵

61 1044 246 1170 adniescens
283 1105 420 1172 Catilina
446 1107 545 1173 multa
575 1109 712 1174 nefanda
744 1118 853 1194 stupra
883 1108 1009 1190 fecerat,

26 1208 51 1255 to
60 1213 129 1254 cum
144 1192 267 1275 virgine
282 1191 395 1276 nobili,
419 1215 491 1258 cum
506 1192 667 1258 sacerdote
681 1193 808 1276 Vestae,
830 1192 892 1256 alia
905 1193 1010 1258 huius-

60 1297 93 1340 ce
113 1275 203 1340 modi
226 1277 403 1341 contraius
426 1277 544 1364 fasque.
587 1277 750 1343 Postremo
773 1286 882 1364 captiua
905 1281 1034 1344 amore²

58 1358 209 1426 Aureliae
229 1359 413 1444 Orestillae,
437 1364 525 1426 ouius
568 1373 671 1428 raeter
691 1362 824 1431 formam
844 1361 923 1432 nihil
944 1383 1010 1426 um·

59 1468 154 1534 quam
174 1444 276 1510 bonus
298 1445 455 1532 laudavit,
480 1386 567 1534 quod
585 1447 764 1512 ecnubere
786 1446 833 1513 illi
848 1445 1012 1512 dubitabat

59 1535 173 1596 timens
216 1531 374 1616 rivignum
395 1531 503 1597 adulta
524 1543 641 1615 aetate,
671 1556 729 1619 pro
759 1543 844 1599 certo
874 1531 1011 1596 creditur

26 1617 177 1680 tsnecato¹
191 1553 257 1678 lilio
278 1639 411 1683 vacuam
433 1617 559 1682 domum
582 1616 722 1682 scelestis
744 1619 860 1704 nuptiis
887 1615 1010 1682 fecisse.

60 1700 149 1779 Quae
171 1699 299 1784 quidem
321 1725 371 1766 res
387 1703 464 1766 mihi
477 1704 633 1790 inprimis
648 1703 773 1767 videtur
788 1724 901 1768 caussa
914 1702 1035 1768 fnisset

59 1785 206 1850 facinoris
228 1787 414 1852 maturandi.
457 1788 600 1875 Namque
622 1789 743 1852 animus
765 1789 912 1874 inpurus,
943 1787 1036 1850 deis4

59 1869 300 1956 hominibusque
316 1871 456 1964 infestus,
479 1895 581 1958 neque
599 1871 712 1958 vigiliis
728 1895 830 1958 neque
853 1870 1010 1958 quietibus

59 1956 164 2019 sedari
208 1964 322 2020 oterat:
343 1958 389 2022 ita
410 1959 601 2022 conscientia
620 1967 757 2022 mentem
779 1957 914 2025 excitam
940 1978 1009 2020 vas-

23 2056 50 2105 zo
58 2041 154 2104 tabat.
177 1978 278 2125 igitur
299 2040 383 2106 colos
406 2044 568 2126 exanguis,
590 2041 675 2107 foedi
695 2039 793 2126 oculi3
813 2042 892 2106 citus
905 2041 1034 2123 modo,⁵

58 2123 153 2190 modo
174 2125 284 2188 tardus
306 2129 464 2194 incessus:
486 2129 614 2212 prorsus
636 2128 670 2190 in
691 2127 771 2191 facie
791 2124 941 2213 voltuque
955 2147 1008 2190 ve·

59 2209 168 2274 cordia
188 2211 298 2274 inerat.
335 2211 400 2275 Sed
418 2213 620 2294 iuventutem,
644 2233 736 2296 quam
757 2221 905 2298 utsupra
929 2211 1009 2274 dixi-
1022 2216 1059 2271 lt

57 2317 128 2358 mus
148 2294 312 2380 inlexerat,
334 2296 440 2360 multis
462 2296 563 2361 modis
585 2293 669 2360 mala
688 2296 828 2360 facinora
848 2293 1008 2360 edocebat.

56 2379 111 2443 Ex
132 2379 196 2444 illis
211 2380 299 2444 testis
315 2381 550 2530 signatoresque
565 2380 660 2445 falsos
676 2380 891 2463 commodare3
914 2380 1033 2444 fidemr

21 2479 49 2532 ts
57 2465 200 2529 fortunas
214 2465 355 2551 pericula
368 2465 445 2530 vilia
458 2466 500 2530 ba
523 2489 584 2548 ere,
599 2475 679 2552 post,
701 2465 757 2530 ubi
772 2488 879 2531 eorum
893 2464 1009 2530 lamam

59 2559 155 2637 atque
183 2550 335 2636 pudorem
365 2552 543 2634 attriverat,
576 2553 696 2631 maiora
724 2549 786 2614 alia
818 2550 1009 2636 imperabam

59 2637 86 2698 si
116 2655 229 2698 caussa
260 2637 414 2721 peccandi
444 2637 478 2700 in
506 2658 655 2722 praesens
683 2637 786 2699 minus
816 2634 1034 2721 suppetebat,3

58 2719 159 2785 nihilo
179 2719 283 2783 minus
298 2721 429 2786 insontis
453 2722 545 2784 sicuti
567 2722 664 2785 sontis
680 2721 906 2784 circumvenire
921 2721 1010 2804 iugu-

58 2804 144 2869 lare:
174 2805 295 2869 scilicet
320 2828 361 2870 ne
382 2829 439 2894 per
461 2807 558 2870 otium
580 2814 793 2893 torpescerent
824 2827 934 2870 manus
958 2814 1010 2868 aut

19 2891 200 2973 soauimus,
230 2892 364 2976 gratuito
385 2892 489 2977 potius
511 2889 613 2954 malus
643 2899 674 2954 at
696 2912 736 2954 ue
768 2889 904 2955 crudelis
934 2898 1008 2952 erat,

58 2973 116 3038 Eis
146 2975 254 3039 amicis
284 2977 441 3064 sociisque
463 2975 598 3041 confisus
621 2913 773 3058 (ladius,
804 2974 896 3040 simul
925 2973 1032 3058 quoda

58 3082 114 3124 aes
136 3059 274 3124 alienum
296 3062 476 3147 peremnis
497 3070 596 3125 terras
618 3061 729 3146 ingens
752 3069 834 3144 erat,
865 3067 896 3122 et
924 3058 1008 3144 quod

57 3143 203 3230 plerique
225 3143 347 3211 Sullani
371 3143 503 3229 milites,
524 3146 641 3232 largius
664 3168 720 3212 suo
742 3146 807 3228 usi,
829 3145 1009 3230 rapinarum

58 3239 90 3294 et
101 3230 252 3294 victoriae
267 3232 383 3295 veteris
397 3253 552 3296 memores
569 3230 660 3295 civile
673 3229 793 3295 bellum
808 3251 867 3294 exo
891 3226 1007 3310 tabant,

18 3332 47 3382 25
58 3313 288 3462 opprimundae
309 3317 356 3380 rei
375 3313 523 3468 &qlqlicae
546 3315 709 3380 consilium
731 3315 822 3401 cepit.
917 3312 1033 3378 Italiac

56 3423 78 3463 n

115 3399 165 3463 lus
181 3402 351 3485 exercitus,
448 3421 503 3465 eus
516 3401 684 3488 Pompeius
704 3401 739 3464 in
754 3399 902 3463 extremis
916 3398 1008 3462 terris

55 3484 179 3550 bellum
194 3485 337 3572 gerebat3
358 3487 421 3573 ipsi
443 3485 639 3554 consulatum
649 3497 772 3586 petenti
785 3515 905 3580 magna
926 3505 1006 3570 spes,
