2520 3966
374 137 602 215 Noverunt
620 137 769 217 98400
992 137 1054 217 1³9

109 309 193 380 nihil
212 310 373 384 remittere
395 317 505 398 etque,
534 309 581 377 uti
608 330 700 397 reges
728 319 971 402 praeceperant,
997 332 1052 379 uo·

109 404 194 462 ctem
221 418 279 483 pro
307 418 342 462 se
368 396 431 462 rsti
452 395 558 460 scrius
580 395 707 461 instare.
755 393 838 462 Tum
864 394 982 460 Marius
1012 417 1076 463 exe

108 479 925 650 {ipiosibieiniiiimshiffibili⁰t0lfisili
944 502 1052 632 {2⁰33

82 661 215 737 scopet,
238 674 371 739 quorum
392 651 426 716 in
447 669 532 733 uno,
558 589 806 737 cestiieppeilum
839 650 960 753 amplo,
982 650 1052 716 fons

109 759 212 823 aquae
232 758 366 823 magnus
382 746 458 820 erat,
474 735 553 800 alter
574 758 633 800 usu
647 745 828 823 oportunus,
853 759 926 822 qum
939 757 1054 820 magno
1164 769 1165 774 ι

134 833 201 886 crte
223 821 324 886 editus
349 830 380 886 et
401 844 554 908 praeceps
580 844 682 909 pauca
710 823 904 886 munimenta
925 843 1052 907 quaere·

108 845 176 972 hat.
221 905 369 972 Ceterum
391 906 476 994 apud
505 929 619 1008 apuam
646 905 768 971 Sullam
796 929 867 970 cum
897 906 1077 992 equitibust

108 1002 237 1059 noctem
258 994 379 1078 agitare
400 992 504 1076 iubet3
527 1013 596 1077 1psc
622 990 786 1077 paullatim
816 992 974 1078 dispersos
996 993 1052 1054 nri·

68 1077 193 1161 uelites,
215 1099 319 1164 neque
348 1078 452 1142 minue
485 1075 628 1142 hostibus
658 1074 866 1159 conturbatis,
896 1079 930 1140 in
956 1099 1052 1140 unum

110 1162 276 1245 contrahit,
299 1162 373 1228 dein
394 1169 523 1227 cunctos
545 1162 639 1248 pleno
691 1163 770 1226 redu
791 1163 824 1225 in
847 1160 960 1226 collem
982 1161 1053 1225 sub·

109 1247 207 1314 ducit
255 1247 305 1312 Ita
334 1269 442 1334 reges,
472 1245 535 1311 loci
567 1245 653 1312 diffie
687 1255 750 1311 tate
787 1247 904 1331 eoacti,
933 1247 1078 1333 proeliot

109 1334 317 1416 deterrentur,
338 1353 441 1420 neque
464 1341 569 1397 tamen
592 1353 664 1396 suos
687 1331 811 1418 longius
827 1332 915 1397 abire
938 1333 1053 1413 sinunt,

109 1419 185 1502 sed,
214 1428 346 1505 utroque
375 1417 456 1483 colle
489 1417 688 1482 multitudine
725 1417 934 1497 circumdato,
964 1417 1054 1481 effusi

67 1527 98 1578 ts
109 1503 293 1570 consedere.
342 1501 428 1567 Dein
450 1502 569 1567 crebris
591 1502 716 1588 ignibus
737 1503 846 1586 factis,
868 1503 1079 1590 plerumques

108 1591 213 1656 noctis
234 1588 361 1653 barbari
384 1609 440 1654 suo
470 1610 557 1653 more
580 1589 690 1652 laetari
723 1588 882 1672 exultare,
913 1597 1053 1674 strepere

109 1674 259 1758 vocibus,
288 1684 320 1739 et
340 1674 401 1760 ipsi
430 1673 526 1738 duces
548 1671 684 1756 feroces,
714 1675 787 1760 quia
813 1696 877 1738 non
898 1673 1053 1759 fugerant,

108 1781 169 1848 pro
190 1760 360 1824 victoribus
390 1781 494 1845 agere.
537 1757 602 1824 Sed
631 1781 670 1823 ea
701 1768 814 1823 cuncta
841 1759 990 1823 Romanis
1013 1763 1076 1822 exl

110 1843 251 1911 tenebris
274 1855 306 1909 et
327 1843 511 1909 editioribus
540 1843 619 1909 locis
648 1843 755 1907 facilia
783 1846 854 1909 visu
875 1865 1053 1929 magnoque

65 1957 100 2006 20
109 1931 307 1996 hortamento
342 1938 440 1995 erant
495 1928 679 1994 Pleromum
711 1951 787 1993 vero
819 1929 937 1992 Marius
966 1929 1103 2015 inps-tt

110 2016 184 2081 ritis
211 2014 347 2080 hostium
380 2015 597 2099 confirmatus,
629 2036 722 2100 qusm
749 2036 931 2078 maxumum
960 2013 1053 2079 silen-

109 2103 189 2167 tium
210 2100 321 2165 haberi
341 2100 437 2184 iubet,
453 2121 493 2164 ne
516 2101 606 2184 signa
627 2099 762 2185 quidem,
782 2101 828 2162 uti
849 2120 907 2184 per
928 2099 1052 2184 vigilias

111 2185 264 2270 solebant,
288 2207 410 2269 canere,
434 2185 558 2268 deinde,
574 2183 629 2248 ubi
651 2183 707 2248 lux
729 2183 929 2268 adventabat,
953 2185 1053 2249 defes-

111 2275 155 2336 sis
176 2272 240 2335 iarn
266 2270 408 2336 hostibus
437 2278 468 2334 et
495 2268 602 2355 paullo
632 2278 705 2334 ente
734 2291 843 2333 somno
874 2271 983 2356 captis,
1014 2271 1053 2333 de

68 2357 273 2444 rsinproviso
295 2355 418 2441 vigiles,
449 2357 523 2418 item
555 2353 729 2419 cohortium
755 2363 928 2418 turmarum
957 2355 1053 2440 legio-

110 2465 187 2507 num
217 2440 372 2507 tubicines
401 2437 494 2504 simul
524 2440 624 2504 omnis
660 2441 758 2526 signs·
779 2462 909 2524 canere,
938 2441 1053 2504 milites

111 2528 281 2593 clamorem
318 2525 429 2590 tollere
459 2534 553 2612 atque
588 2527 686 2612 portis
722 2548 894 2611 erumpere.
951 2525 1078 2590 Mami²

112 2622 207 2699 etque
237 2610 381 2693 Gsetuh,
411 2613 518 2696 ignoto
549 2619 580 2677 et
614 2609 759 2675 horribili
791 2613 895 2675 sonitu
924 2621 1053 2696 repente

111 2698 217 2781 exciti,
238 2718 341 2784 neque
363 2697 472 2782 fugero
492 2718 596 2783 neque
619 2717 706 2760 arma
727 2717 849 2783 ospere,
871 2718 975 2781 neque
990 2719 1053 2760 om·

70 2807 101 2857 so
111 2785 187 2848 nino
216 2782 320 2846 facere
350 2791 404 2844 aut
453 2782 598 2847 rovidero
647 2783 793 2868 uiequam
820 2789 982 2867 poterant:
1010 2780 1078 2850 itas

111 2875 242 2936 cunctos
266 2868 398 2952 strepitu
420 2804 566 2949 clamore,
590 2805 677 2933 nullo
700 2866 915 2948 subveniente,
938 2865 1054 2929 nostris

110 2952 313 3035 instantibus,
336 2951 470 3016 tumultu
496 2961 616 3018 terrore
638 2951 771 3018 formido
795 2953 883 3040 quasi
904 2949 1053 3015 vecordia

110 3061 149 3107 ce
173 3047 248 3103 erat.
264 3038 410 3123 Denique
423 3059 531 3102 omnes
546 3036 608 3100 fusi
623 3037 798 3124 fugatique3
814 3059 902 3100 erms
917 3045 948 3099 et
962 3036 1053 3121 signe

110 3147 142 3188 m
179 3125 260 3188 teris
280 3123 432 3210 pleraque
448 3132 548 3208 capta,
570 3120 739 3208 pluresque
762 3144 799 3188 eo
813 3119 943 3207 proelio,
960 3143 1052 3208 quem

70 3207 258 3280 ttomnibns
285 3207 498 3295 superioribus
532 3208 720 3293 interempti.
764 3207 845 3270 Nam
882 3227 992 3271 somno
1021 3214 1053 3270 et

111 3303 198 3360 metu
219 3293 346 3360 insolito
368 3293 510 3380 impedite
530 3293 614 3378 fuga.

174 3377 259 3445 Dein
280 3378 409 3463 Marius,
430 3380 477 3446 uti
499 3387 662 3464 coeperat,
691 3378 725 3441 in
745 3376 879 3441 hiberno
900 3375 1049 3464 [proficis
1063 3392 1122 3450 too
