2502 3968
180 193 222 258 22
475 191 681 258 CATILINA
702 191 838 258 34-36

178 363 219 430 ab
241 371 352 429 senatu
365 371 474 451 petere
488 362 604 447 velint,
627 362 668 428 ab
687 365 782 430 armis
798 362 978 448 discedunt,
998 363 1136 434 Romam

178 449 338 537 supplices
376 449 632 536 proficiscantur:
677 471 716 515 ea
754 449 995 516 mansuetudine
1038 458 1136 539 atque

177 535 395 601 misericordia
416 543 559 600 senatum
579 534 794 623 populumque
808 535 986 600 Romanum
1007 558 1136 624 semper
1207 609 1211 618 Δ

177 621 290 704 finisse,
323 629 359 685 ut
386 643 480 684 nemo
508 642 659 708 umquam
691 621 731 685 ab
766 645 802 688 eo
835 621 951 686 frustra
978 621 1135 688 auxilium
1244 639 1245 688 1

176 707 332 793 petiverit.
1145 729 1160 778 5

152 812 165 860 2
238 792 282 857 At
319 791 456 858 Catilina
490 814 531 856 ex
563 792 677 856 itinere
710 791 870 880 plerisque
903 791 1133 877 consularibus,
1244 811 1245 852 t

174 887 339 965 praeterea
359 887 486 966 optumo
509 879 622 964 cuique
643 877 763 942 litteras
785 880 896 944 mittit:
919 902 953 944 se
968 878 1057 944 falsis
1072 881 1132 944 cri-

173 964 311 1028 minibus
334 965 591 1046 circumventum,
615 965 765 1050 quoniam
780 965 910 1030 factioni
930 967 1133 1030 inimicorum

173 1051 320 1113 resistere
340 1072 382 1114 ne
404 1050 535 1132 uiverit,
564 1049 708 1114 fortunae
735 1050 865 1132 cedere,
894 1049 1070 1116 Massiliam
1097 1051 1134 1116 in

174 1134 304 1200 exilium
325 1073 498 1222 prodcisci3
526 1157 592 1201 non
615 1157 676 1223 quo
705 1131 767 1199 sibi
791 1137 872 1200 tanti
899 1135 1027 1202 sceleris
1057 1158 1177 1210 con-10

174 1221 256 1284 scius
280 1229 380 1304 esset,
403 1222 460 1288 sed
480 1222 528 1284 uti
546 1219 742 1307 respublica
757 1219 968 1309 quietaforet,
991 1243 1073 1287 neve
1088 1244 1132 1286 ex

148 1324 231 1374 esua
252 1308 451 1372 contentione
474 1306 586 1372 seditio
618 1309 761 1371 oriretur.
805 1304 858 1371 Ab
887 1307 937 1372 l1is
966 1304 1061 1392 longe
1083 1307 1131 1372 di·

171 1413 281 1456 vorsas
304 1392 424 1457 litteras
454 1391 590 1471 Quintus
614 1390 745 1458 Catulus
774 1393 809 1456 in
838 1402 950 1458 senatu
973 1394 1129 1476 recitavit,

173 1499 250 1563 quas
274 1479 335 1542 sibi
356 1479 485 1542 nomine
508 1477 664 1544 Catilinae
685 1477 826 1542 redditas
848 1477 991 1556 dicebat3
1021 1501 1131 1544 earum

124 1578 162 1632 ³5
172 1562 353 1648 exemplum
367 1563 450 1628 infra
465 1564 686 1650 scriptumest.
710 1558 841 1628 ‘Lucius
857 1561 995 1629 Catilina
1010 1563 1130 1643 qunto
1145 1585 1175 1634 ts

172 1647 294 1713 Gaude.
332 1649 473 1734 Egregia
494 1659 549 1713 tua
566 1650 656 1732 fides,
678 1650 864 1734 recognita,
887 1658 979 1734 grata
991 1649 1080 1733 milri,
1096 1651 1131 1716 in

170 1735 293 1819 magnis
315 1736 395 1800 meis
415 1734 565 1821 periculis
587 1735 737 1799 fiduciam
758 1733 1024 1802 commendationi
1037 1757 1129 1800 meae

145 1819 287 1886 atributa
325 1819 575 1899 Quamobrem
598 1820 815 1885 defensionem
835 1822 870 1886 in
889 1841 975 1890 novo
996 1820 1130 1887 oonsilio
1244 1835 1245 1844 ¹

168 1927 232 1968 non
255 1908 349 1971 statui
369 1925 496 1993 parere3
520 1905 768 1972 satisfactionem
791 1927 834 1970 ex
854 1905 944 1971 nulla
965 1907 1129 1973 conscien-

168 1992 213 2055 tia
228 1991 267 2055 de
283 1992 377 2078 culpa
390 2013 568 2078 proponere
590 1991 729 2074 decrevi,
753 2013 849 2078 quam
863 2015 915 2056 me
931 1993 1001 2058 dius
1015 1992 1128 2058 Fidius
1139 2015 1173 2065 20
1244 2003 1245 2030 ³

143 2095 277 2144 everam
298 2077 373 2143 licet
395 2099 578 2163 cognoscas.
619 2077 748 2142 Iniuriis
772 2077 1032 2165 contumeliisque
1055 2100 1128 2143 con-

169 2163 297 2246 citatus,
321 2163 406 2249 quod
427 2163 531 2228 fructu
552 2163 672 2230 laboris
693 2161 933 2250 industriaeque
954 2186 1045 2229 meae
1064 2165 1128 2249 pri·

167 2256 259 2313 vatus
292 2257 406 2312 statum
439 2249 600 2335 dignitatis
632 2272 698 2315 non
731 2249 930 2332 obtinebam,
966 2248 1129 2336 publicam

168 2334 354 2398 miserorum
377 2355 522 2399 caussam
549 2359 607 2422 pro
636 2357 710 2400 mea
733 2335 961 2400 consuetudine
984 2335 1126 2420 suscepi,

169 2438 233 2482 non
254 2415 330 2505 q'uin
352 2440 409 2482 aes
432 2419 571 2486 alienum
591 2422 670 2486 meis
692 2420 874 2485 nominibus
897 2421 1169 2508 ex'possessiosstt

61 2535 64 2542 ·
168 2502 262 2568 nibus
292 2502 416 2569 solvere
444 2526 589 2591 possem,
619 2527 692 2570 cum
719 2505 773 2570 vel
802 2506 916 2570 alienis
944 2505 1126 2572 nominibus

168 2587 340 2654 liberalitas
364 2589 534 2656 Orestillae
556 2592 620 2656 suis
640 2591 789 2677 filiaeque
803 2613 841 2656 co
865 2592 904 2656 iis
919 2591 1125 2678 persolveret,

168 2673 225 2738 sed
239 2673 324 2761 quod
337 2697 402 2740 non
417 2675 530 2762 dignos
543 2676 688 2742 homines
703 2677 824 2741 honore
840 2615 1021 2742 doneststos
1037 2678 1124 2744 vide·

165 2758 256 2843 bam,
289 2781 403 2910 meque
431 2761 512 2827 falsa
544 2764 723 2851 suspicione
756 2760 927 2828 alienatum
957 2784 1027 2828 esse
1055 2786 1123 2828 sen·

141 2844 293 2913 stiebam.
370 2868 408 2910 oc
429 2850 556 2913 nomine
579 2849 654 2913 satis
684 2847 832 2913 honestas
861 2870 920 2935 pro
948 2870 1020 2914 meo
1048 2871 1167 2925 casune
1244 2871 1245 2928 j

167 2951 240 2994 ses
260 2929 403 3019 reliquae
425 2932 586 3019 dignitatis
617 2933 855 3000 conservandae
887 2955 958 3000 sum
986 2943 1122 3000 secutus.
1244 2929 1245 3012 l

141 2953 263 3082 5Plura
284 3039 357 3082 cum
379 3017 517 3083 scribere
538 3019 671 3102 vellem,
694 3020 872 3086 nuntiatum
886 3027 943 3104 est,
965 3021 1032 3086 vim
1045 3021 1124 3086 mihi
1244 3029 1245 3084 l

141 3104 280 3187 epar-ari.
295 3102 388 3168 Nunc
399 3102 583 3169 Orestillam
599 3104 677 3187 [tibi]
694 3106 881 3172 commendo
896 3116 1033 3194 tuaeque
1047 3107 1123 3172 fidei
1244 3109 1245 3118 ’

165 3187 274 3271 trad03
304 3211 374 3254 eam
402 3188 443 3254 ab
472 3189 588 3256 iniuria
617 3187 786 3274 defendas,
815 3213 873 3279 per
901 3191 1019 3258 liberos
1050 3201 1122 3257 tuos
1244 3237 1245 3270 2

166 3282 305 3359 rogatus.
348 3274 492 3341 Havete!
1132 3297 1164 3349 es
1244 3275 1245 3328 l

115 3375 157 3432 ss
230 3357 296 3424 Sed
321 3362 390 3447 ipse
439 3382 535 3428 ancos
565 3362 633 3426 dies
662 3371 871 3427 commoratus
898 3362 984 3429 aud
1006 3361 1123 3429 Gaium
1244 3361 1245 3440 l

167 3439 358 3512 flaminium
379 3384 556 3512 adamam
577 3448 611 3512 in
633 3467 709 3534 agro
732 3445 890 3527 Arretino,
913 3385 989 3514 dum
1010 3449 1120 3515 vicini·
1244 3443 1245 3502 l
