2502 3968
125 279 164 328 Vl

128 447 274 522 interim
285 446 595 544 commodiuslegi
603 458 713 546 atque
722 446 886 544 intellegi
897 458 1043 544 queant,
1056 447 1147 521 dum

127 567 306 644 curiosior
333 565 505 642 codicum
522 567 755 665 investigatio
774 565 927 640 meliora
946 567 1145 643 edocuerit.

201 695 256 770 Ac
282 721 329 768 ne
356 695 463 770 novis
502 694 670 769 subsidiis
697 721 847 793 prorsus
875 696 1069 769 destitutus
1097 697 1147 769 ad

125 818 223 891 hanc
250 841 400 914 operam
419 814 632 889 accederem
653 815 826 889 facilitate
846 817 985 889 factum
1003 826 1058 890 est
1075 815 1145 892 IO-

123 935 274 1010 ANNIS
289 932 703 1009 FOROHHAMMERI
720 935 952 1026 Havniensis,
972 935 1042 1008 viri
1062 961 1141 1007 eru-

125 1055 303 1144 ditissimi,
333 1057 396 1152 qui
415 1055 504 1126 dum
522 1055 661 1129 Romae
678 1065 847 1128 moratur
868 1080 891 1127 a
907 1080 966 1127 me
983 1065 1142 1152 regatus,

124 1202 209 1250 cum
236 1174 483 1249 bibliothecae
509 1175 712 1249 Vaticanae
746 1173 810 1249 diu
841 1175 975 1248 frustra
1007 1176 1142 1250 aditum

123 1295 329 1394 petivisset,
366 1294 515 1368 tandem
551 1294 656 1392 copia
691 1295 789 1367 facta
824 1295 1007 1368 orationes
1035 1305 1144 1392 atque

123 1414 295 1514 epistulas
315 1413 465 1488 Sallusti
497 1414 549 1488 ‘de
567 1413 681 1515 bellis'
699 1425 886 1514 excerptas
906 1443 950 1490 ex
967 1414 1143 1513 antiquis-

9 1620 12 1626 ,
123 1562 230 1610 sumo
259 1534 384 1609 codice
410 1534 493 1608 Vat.
522 1537 623 1609 3864
641 1562 764 1610 meum
783 1536 822 1608 in
841 1563 950 1610 usum
968 1537 1143 1612 adcurate

121 1655 287 1734 contulit.
332 1657 427 1729 Nam
466 1680 552 1729 cum
584 1656 686 1731 hunc
720 1657 880 1732 codicem
915 1657 1079 1731 bonitate
1105 1657 1143 1729 in

122 1777 248 1877 paucis
266 1777 393 1851 valere
413 1777 477 1852 sed
495 1776 592 1850 iusto
610 1777 866 1877 neglegentius
881 1803 961 1852 esse
975 1778 1022 1850 ab
1038 1775 1141 1850 Ger-

120 1897 279 1974 lachio
310 1895 495 1973 conlatum
531 1923 574 1971 ex
602 1897 652 1972 eis
680 1897 926 1972 Historiarum
952 1895 1141 1995 particulis

122 2015 1141 2116 quasOrelliusabTheodoroHeysiodescrip-
1249 2066 1250 2079 ,

120 2147 177 2211 tas
195 2136 333 2235 publici
350 2137 440 2213 iuris
458 2139 553 2232 fecit,
574 2139 659 2212 satis
673 2149 825 2238 pateret,
845 2161 992 2235 sperare
1005 2134 1142 2210 licebat

120 2257 200 2331 fore
230 2268 274 2330 ut
313 2283 356 2332 ex
391 2258 590 2332 curiosiore
624 2269 825 2333 ceterarum
862 2257 1069 2331 orationum
1106 2265 1142 2329 et
1248 2247 1249 2264 ¹

42 2436 45 2440 .
120 2375 359 2474 epistularum
389 2377 594 2452 conlatione
628 2405 706 2452 non
733 2378 851 2451 minue
879 2376 997 2451 bonae
1023 2376 1140 2473 frugis

120 2498 286 2572 oriretur.
315 2499 444 2595 Neque
470 2500 560 2574 haec
594 2525 676 2599 spes
703 2525 761 2572 me
787 2497 931 2595 fefellit,
960 2497 1139 2596 siquidem
1247 2577 1248 2596 ,

119 2617 264 2716 saepius
282 2618 584 2694 Forchhammeri
602 2618 756 2710 schedis,
786 2643 942 2716 quarum
963 2618 1061 2690 infra
1080 2643 1140 2692 co·

118 2738 200 2838 pias
227 2739 388 2835 integras
415 2740 580 2837 adposui,
609 2754 672 2812 aut
699 2739 936 2834 corriguntur
962 2762 1015 2828 ea,
1045 2763 1139 2835 quae

120 2884 164 2932 ex
199 2859 328 2931 eodem
363 2857 488 2933 codice
515 2857 734 2934 Gerlaohius
760 2858 913 2954 notavit,
951 2867 1016 2932 aut
1041 2883 1140 2932 nova

119 3004 269 3076 prorsus
298 2989 333 3051 et
360 2978 508 3077 egregia
534 2980 782 3079 proferuntur,
811 2977 1139 3076 quemadmodum

118 3097 158 3171 in
184 3097 350 3174 oratione
376 3099 470 3198 Mari
496 3103 531 3194 ξ.
560 3103 606 3173 31
645 3099 705 3172 vel
731 3100 937 3197 Madvigi
972 3098 1139 3174 emenda·

118 3219 258 3293 tionem
278 3220 391 3316 parvi
415 3219 456 3295 td
469 3221 576 3319 facio
606 3221 858 3294 confirmatam
884 3219 1062 3296 videmus.

195 3347 306 3424 Hunc
333 3348 444 3446 igitur
472 3349 637 3425 codicem
663 3348 779 3423 multo
807 3373 918 3446 quam
936 3360 1040 3422 antee
1066 3347 1139 3422 fao·

117 3477 196 3540 tum
222 3467 338 3543 artius
365 3480 513 3544 secutus
540 3495 622 3544 sum
649 3482 685 3544 et
702 3469 857 3544 fortasse
883 3468 1002 3566 magis
1030 3467 1136 3542 etiam
