2520 3966
472 261 698 334 IVGVR'PHA
720 263 761 330 85
1042 263 1105 335 109

153 437 290 502 maiores
311 436 411 504 vostri
432 435 579 504 laoiundo
602 459 636 504 se
680 459 698 502 e
719 459 849 524 remque
870 437 1030 523 publioam
1050 459 1103 504 oe-

155 521 329 589 lebravere.
374 521 453 602 Quis
475 522 624 590 nobilitas
675 531 733 607 eta,
756 524 826 609 ipsa
855 523 1015 588 dissimilis
1036 527 1143 589 m0·³⁷

154 606 243 673 ribus
265 630 323 672 nos
344 607 471 674 illorum
493 607 634 674 aemulos
663 609 834 675 contemnit
861 617 893 674 et
922 609 1024 674 omnis
1046 608 1101 675 ho·

154 716 249 760 nores
276 716 340 759 non
366 716 408 758 ex
439 696 567 778 merito,
605 693 662 760 sed
690 695 781 780 quasi
810 693 933 760 debitos
962 717 981 759 a
1009 693 1100 760 vobis

127 781 279 866 arepetit.
325 778 474 844 Ceterum
501 779 645 846 homines
673 778 900 866 superbissumi
920 778 1030 866 procul
1053 801 1139 854 enas

154 874 236 931 rant
288 865 425 932 Maiores
459 887 567 932 sorum
599 865 718 948 omnia,
750 887 832 951 quaa
872 865 1004 949 licebat,
1036 865 1100 930 illis

154 950 322 1038 reliquere,
344 950 470 1016 divitias
492 953 663 1037 imagines,
684 952 868 1018 memoriam
890 953 940 1016 sui
959 948 1099 1038 praeela-

155 1059 241 1121 ram3
270 1037 418 1102 virurtem
446 1058 510 1103 non
542 1037 713 1125 reliquere,
742 1059 845 1124 neque
873 1046 1032 1125 poterant:
1062 1057 1100 1100 sa

156 1121 227 1187 sola
246 1144 350 1208 neque
372 1123 463 1187 datm
490 1121 572 1188 dono
594 1145 697 1209 neque
724 1123 886 1209 accipitur.
930 1121 1099 1188 Sordidum
1108 1147 1138 1197 11

114 1230 208 1282 rome
231 1216 262 1272 et
282 1206 409 1273 incultis
431 1208 572 1274 moribus
594 1210 690 1293 airmt,
707 1207 780 1294 quia
823 1231 912 1272 arum
927 1209 1005 1272 scite
1027 1229 1099 1274 oon-

156 1295 277 1359 vivium
299 1316 426 1378 exorno,
449 1317 551 1381 neque
573 1293 756 1358 histrionem
777 1231 885 1378 ulum,
907 1315 1011 1380 neque
1031 1294 1100 1380 plu·

155 1381 201 1446 ris
222 1381 304 1466 preti
327 1402 437 1446 ooourn
467 1403 560 1467 quam
587 1379 717 1444 vilicum
745 1376 857 1444 habeo.
911 1379 1002 1459 Quae
1023 1379 1141 1453 mihiao

156 1463 245 1531 lubet
267 1465 421 1548 confiteri,
445 1464 593 1544 Quirites.
646 1463 728 1530 Nam
758 1487 799 1529 ax
819 1473 950 1553 parente
976 1487 1047 1530 meo
1070 1473 1101 1529 et

156 1573 200 1616 ex
220 1549 291 1616 eliis
315 1553 432 1616 sanatis
453 1552 530 1616 viris
552 1552 597 1615 ita
618 1550 744 1637 aoeepi,
771 1549 942 1616 munditias
962 1549 1100 1616 mulieri·

115 1635 233 1720 ttbus,
266 1637 343 1701 viris
375 1635 518 1704 laborem
547 1637 730 1719 convenire,
764 1636 972 1723 omnibusque
1008 1634 1100 1701 bonis

158 1731 301 1808 oportere
344 1721 393 1786 lus
436 1721 534 1787 loriae
561 1745 655 1808 quam
676 1721 1100 1871 (1111111111[1111],111111(1ἱ

139 1829 222 1873 -non
250 1745 478 1893 supellectilem
516 1805 623 1873 deeori
661 1828 741 1871 esse.
792 1805 877 1886 Quin
914 1829 989 1894 ergo
1017 1829 1077 1892 quo
1108 1831 1137 1882 41

157 1895 260 1975 iuvat,
284 1892 367 1979 quod
395 1916 502 1957 earum
535 1900 723 1976 aesurmant,
753 1891 787 1956 id
815 1914 939 1980 semper
965 1891 1097 1956 iaciant:

158 1986 264 2044 ament
283 1987 401 2066 potent,
418 1977 474 2043 ubi
495 1977 741 2043 adulescentiam
755 1975 908 2060 habuere,
924 1975 970 2041 ibi
991 1998 1098 2041 senee-

113 2085 147 2136 20
157 2072 256 2130 tutem
277 2073 388 2149 agant,
415 2065 450 2128 in
471 2064 639 2146 conviviis,
672 2061 770 2127 dediti
797 2063 901 2126 ventri
930 2071 961 2126 et
986 2063 1099 2149 turpis·

158 2172 266 2216 sumne
298 2150 381 2235 parti
407 2150 561 2236 eorporis3
595 2148 757 2229 sudorem,
784 2145 948 2234 pulverem
977 2156 1008 2212 et
1037 2145 1101 2212 aha

157 2233 233 2302 talis
253 2234 432 2321 relinquant
452 2233 560 2317 nobis,
584 2233 696 2334 quibus
717 2231 773 2298 illa
795 2231 895 2320 epulis
916 2231 1100 2298 iocundiora

158 2329 239 2386 sunt.
282 2319 402 2386 Verum
429 2342 494 2385 non
523 2327 570 2385 est
597 2327 650 2383 sta.
694 2317 776 2382 Nam
803 2317 859 2383 ubi
887 2339 921 2382 se
955 2318 1139 2396 omnibus42

157 2405 284 2492 flagitiis
307 2404 553 2489 dedecoravere,
576 2404 758 2492 turpissumi
782 2401 938 2469 bonorum
958 2405 1099 2505 praemia

115 2513 147 2561 aa
159 2500 301 2578 ereptum
323 2500 406 2556 eunt.
448 2489 498 2555 Ita
519 2491 732 2555 iniustissume
760 2487 886 2554 luxuria
907 2492 1140 2575 et1gnavia43

157 2599 323 2664 pessumae
342 2585 434 2657 artes,
451 2577 525 2659 illis,
542 2576 596 2662 qui
611 2574 736 2640 coluere
758 2597 822 2660 eas,
837 2573 916 2640 nihil
938 2572 1097 2658 obfioiunt,

158 2661 205 2726 rei
247 2661 372 2728 ublieae
393 2662 542 2727 mnoxiae
564 2660 648 2726 eladi
670 2667 752 2724 sunt.

219 2685 312 2812 huno
339 2747 487 2833 quoniam
518 2745 596 2829 illis,
620 2755 772 2832 quantum
800 2768 904 2811 mores
925 2746 1005 2827 mei,
1034 2759 1142 2811 nonu

157 2832 283 2897 illorum
303 2831 424 2918 flagitia
474 2831 639 2914 osoebant,
671 2829 836 2917 respondi,
865 2853 967 2917 pauca
998 2828 1038 2894 de
1063 2852 1098 2896 re

115 2940 147 2989 so
178 2916 285 2984 ublioa
299 2916 419 3004 loquar.
466 2919 580 2982 rimum
602 2918 740 2981 omnium
760 2916 800 2981 de
813 2915 961 2980 Numidia
980 2915 1141 2982 bonumst

156 2943 271 3069 habete
293 3005 447 3088 animum,
471 3001 619 3082 Quirites.
661 3001 744 3068 Nam
771 3023 850 3088 quae
877 3001 918 3065 ad
938 3000 1000 3066 hoo
1020 3010 1098 3066 tem·

156 3113 217 3177 pus
237 3089 421 3178 Iugurtham
442 3097 541 3153 tutata
563 3096 649 3171 sunt,
677 3087 781 3152 omnia
809 3086 1001 3170 removistis,
1024 3109 1096 3151 ava·

157 3175 276 3258 ritiam,
305 3175 485 3262 inperitiam
506 3183 599 3260 atque
629 3172 817 3260 superbiam.
860 3171 985 3236 Deinde
1008 3193 1139 3255 exer-45

159 3262 238 3325 uitus
259 3259 305 3325 ibi
327 3269 383 3344 est,
406 3259 547 3326 locorum
569 3259 672 3324 sciens
705 3256 761 3322 sed
782 3279 833 3320 me
854 3257 1008 3321 Hercules
1031 3279 1095 3322 ma

116 3365 147 3417 11
157 3347 206 3434 gis
235 3354 379 3410 strenuus
409 3367 503 3433 quam
530 3344 617 3409 felix.
670 3307 752 3408 llam
783 3363 899 3428 magna
926 3365 1000 3428 pars
1030 3343 1098 3408 eius

156 3431 290 3514 avaritia
304 3440 357 3496 aut
369 3431 544 3496 temeritato
559 3428 679 3495 1111111111ι
689 3428 793 3493 attrita
807 3437 863 3492 est.
887 3425 1099 3506 Quamobrem
1107 3463 1138 3514 η

157 3537 225 3602 vos,
247 3513 362 3605 quibus
388 3515 532 3582 militaris
560 3524 647 3582 aetas
679 3522 743 3598 est,
771 3509 947 3581 admtimini
974 3533 1098 3579 meeum
