2502 3968
90 273 114 322 X

173 438 246 514 Sed
273 439 346 514 hoo
374 441 521 538 quidem
549 442 659 516 etiam
684 468 783 516 nuno
809 443 1001 518 adfirmare
1018 443 1112 534 lieet,

92 559 235 634 eodioes
246 558 496 652 Sallustianos,
512 562 576 660 qui
590 563 711 637 adhue
718 563 968 661 innotuerunt,
985 589 1113 638 omnes

91 705 135 752 ex
168 679 299 754 eodem
332 681 536 783 archetypo
562 681 690 756 multis
726 683 795 755 iam
822 684 966 759 mendis
992 683 1113 782 inqui-

91 812 179 875 nato
220 800 377 894 fluxisse,
419 800 457 874 id
496 801 598 899 quod
638 827 723 876 eum
756 827 800 875 ex
835 803 989 899 singulis
1026 803 1114 876 loeis

89 919 215 994 multis
242 931 351 1019 patet,
380 922 515 1020 quibus
534 923 659 995 eadem
682 923 891 1022 corruptela
910 950 1037 998 omnes
1056 925 1112 998 in-

91 1043 196 1132 vasit,
224 1053 304 1116 tum
331 1069 375 1117 ex
400 1043 634 1139 gravissuma
656 1043 727 1138 illa,
757 1069 870 1141 quam
896 1046 935 1119 in
955 1043 1116 1118 Catilina

92 1161 376 1260 deprehendisse
410 1163 501 1236 mihi
530 1163 629 1237 visus
661 1189 744 1237 sum
771 1164 971 1239 verborum
1000 1177 1113 1238 trans-

91 1282 274 1380 positione
299 1282 337 1355 in
363 1281 467 1356 nullo
494 1282 588 1356 libro
615 1309 689 1357 non
717 1284 839 1376 obvia,
873 1310 947 1383 qua
974 1285 1112 1358 laetum

91 1414 156 1499 est,
186 1413 229 1476 ut
255 1403 378 1477 verbis
395 1415 569 1500 postremo
587 1403 651 1476 ubr'
667 1446 711 1458 -
724 1406 869 1502 flustra
890 1417 1114 1503 susceperant

94 1523 169 1622 (vg.
200 1549 229 1596 e.
261 1526 321 1596 27.
343 1525 481 1613 3-28,
509 1523 546 1624 3)
570 1523 662 1597 falso
682 1523 764 1599 looo
791 1526 934 1599 insertis
957 1524 1113 1599 incredi-

89 1641 174 1718 bilis
193 1641 368 1717 Sallustio
393 1669 495 1717 error
513 1641 782 1718 obtruderetur.
812 1643 931 1735 Quem
959 1642 1108 1742 quidem

88 1763 127 1836 in
163 1762 408 1862 disputatione
441 1763 532 1838 actis
566 1763 670 1839 aoad.
706 1763 808 1838 Caes.
837 1763 999 1838 Vindob.
1027 1763 1112 1836 hist·

88 1883 179 1982 phil.
208 1910 241 1955 a.
274 1885 371 1957 1854
396 1894 421 1956 t.
449 1881 554 1956 XIII.
582 1909 619 1981 p.
649 1887 720 1957 261
756 1909 835 1982 sqq.
862 1884 1031 1977 inserta*)
1059 1881 1112 1956 ita

19 2057 24 2070 .
89 2003 278 2078 vindicare
297 2002 433 2098 studui,
453 2014 496 2075 ut
513 2003 812 2100 demonstrarem,
831 2029 953 2102 neque
967 2001 1112 2076 Plutar-

90 2124 199 2199 chum
234 2149 355 2222 neque
383 2123 554 2198 Cassium
579 2123 738 2197 Dionem
766 2124 803 2196 in
831 2123 907 2197 suis
935 2121 1112 2198 Catilinae

90 2244 356 2342 exemplaribus
385 2269 469 2317 eum
496 2243 560 2342 qui
577 2255 724 2318 nostros
752 2243 897 2318 eodioes
917 2241 1111 2341 occupavit

90 2366 288 2440 verborum
303 2374 513 2438 contextum
523 2362 669 2438 vidisse.
688 2362 772 2454 Qua
784 2363 821 2435 in
830 2389 871 2436 re
885 2388 960 2436 non
968 2385 1109 2450 vereor,

89 2509 135 2557 ne
163 2482 351 2581 scriptoris
370 2483 493 2581 potius
521 2508 633 2581 quam
652 2483 791 2558 scribae
808 2507 961 2556 manum
989 2506 1111 2556 eorre-

88 2603 213 2676 xerim.
242 2602 349 2675 Vnde
366 2629 443 2676 non
462 2602 626 2676 dubitavi
643 2604 681 2676 in
709 2603 779 2676 lrao
796 2602 963 2676 editione
989 2601 1112 2700 pristi-

89 2748 190 2814 num,
220 2721 367 2821 qualem
384 2722 458 2796 illio
474 2723 689 2820 sIgnifioavi,
719 2725 918 2797 verborum
945 2720 1113 2796 ordinem

89 2843 290 2922 restituere.
840 2847 841 2854 ’

166 2966 289 3062 Atque
316 2962 422 3037 illum
447 2973 657 3036 nostrorum
677 2961 847 3036 oodioum
865 2961 1111 3064 archetypum

88 3084 163 3158 iam
198 3084 286 3159 satis
320 3109 429 3182 saepe
465 3083 687 3183 discrepasse
724 3107 809 3158 oum
845 3107 1112 3180 proxumorum

90 3206 253 3304 quinque
286 3203 333 3279 ab
360 3203 535 3279 Sallustio
571 3203 805 3279 saeoulorum
840 3203 1111 3302 exemplaribus

142 3397 169 3460 ⁹⁴)
188 3395 313 3447 Seorsum
330 3395 402 3446 edita
421 3403 460 3446 est
478 3413 497 3446 s.
518 3405 537 3448 t.
556 3395 762 3446 Ernmdationm
785 3411 817 3446 au
835 3392 933 3446 Sallust
951 3395 1004 3458 σῳ(
1017 3392 1111 3444 Θηιπᾶ

89 3485 173 3536 aaa
187 3480 293 3543 Qraellen
302 3481 356 3532 und
366 3481 537 3534 Naeholrmer.
549 3481 723 3533 vindobonae
732 3481 804 3547 apud
813 3481 1024 3533 Braumflllerum
1037 3481 1113 3532 1854.
