2502 3968
213 265 253 329 42
549 261 752 328 camma
772 263 814 326 58

211 432 352 520 pericula
373 433 525 513 excitant,
551 433 741 517 nequiquam
768 431 909 498 hortere:
937 432 1031 497 timor
1056 433 1155 498 animi

188 518 339 589 sauribus
362 517 476 583 obiicit.
520 515 584 581 Sed
606 538 665 601 ego
686 539 754 599 vos,
777 540 838 602 quo
859 539 961 603 pauca
981 539 1153 602 monerem,

213 603 382 685 advocavi,
415 599 507 665 simul
535 602 581 665 uti
607 623 749 665 caussam
770 603 834 666 mei
854 601 966 666 consili
987 604 1154 687 aperirem.

188 707 203 756 t
276 687 369 752 Scitis
380 686 534 772 equidem,
546 685 670 768 milites,
682 685 825 751 socordia
834 694 928 774 atque
938 686 1155 772 ignaviaLen-

211 773 269 837 tuli
290 779 439 857 qrmntam
459 771 521 855 ipsi
541 769 694 855 nobisque
716 770 838 835 cladem
858 771 1005 854 auderit,
1049 793 1179 857 noques

211 857 321 938 modo,
343 855 418 922 dum
439 878 481 920 ex
501 855 579 919 urbe
621 855 757 920 raesidia
778 857 939 942 opperior,
961 858 995 920 in
1047 855 1156 922 alliam

189 942 368 1027 §proficisci
381 941 585 1027 nequiverim.
599 878 699 1004 Pdiune
712 963 788 1005 vero
803 964 864 1027 quo
881 945 933 1022 [in]
949 940 1018 1006 loco
1032 963 1085 1005 res
1100 964 1157 1006 no·

188 1035 295 1097 aenae
317 1027 387 1108 sint,
409 1027 497 1091 iuxta
516 1045 639 1089 mecum
653 1025 964 1111 omnesintellegitis.
986 1026 1158 1092 Exereiun

212 1111 348 1175 hostium
369 1112 446 1192 duo,
469 1131 549 1174 unus
572 1109 611 1175 ab
632 1109 726 1192 urbe,
749 1109 828 1174 alter
848 1133 868 1174 a
890 1109 994 1176 Gallia
1016 1110 1157 1193 obstant3

213 1195 327 1260 diutius
349 1198 382 1259 in
403 1197 452 1260 his
474 1195 552 1260 locis
575 1216 660 1276 esse,
691 1196 718 1258 si
745 1217 891 1260 maxume
920 1197 1042 1259 animus
1064 1195 1157 1278 ferat,
1170 1221 1201 1272 ιο

189 1280 358 1350 tirumenti
379 1290 472 1367 atque
494 1281 626 1344 aliarum
639 1301 744 1342 rerum
759 1290 882 1365 egestas
895 1280 1057 1429 Hrohibet3
1101 1303 1158 1345 uo·

188 1386 346 1451 ecumque
367 1367 414 1428 ire
435 1363 554 1452 placet,
580 1364 662 1429 ferro
683 1365 743 1428 iter
764 1367 894 1450 aperiun
915 1387 969 1428 um
991 1374 1047 1429 est.
1080 1304 1160 1444 (bna

214 1460 342 1537 propter
368 1472 426 1514 ros
455 1470 585 1531 moneo,
616 1450 662 1513 uti
688 1448 762 1513 forti
790 1458 883 1536 atque
910 1459 1021 1535 pareto
1051 1451 1159 1515 animo

217 1535 284 1598 sitis
318 1543 349 1598 et
385 1555 459 1599 cum
490 1534 644 1619 proelium
682 1534 800 1599 inibitis
838 1535 1060 1618 memineritis,
1097 1557 1159 1600 vos

213 1619 338 1682 divitias
364 1617 461 1683 decus
490 1619 638 1704 gloriam,
665 1627 830 1704 praeterea
857 1619 1034 1688 libertatem
1062 1628 1201 1707 atquels

188 1704 345 1788 opat-iam
376 1705 409 1768 in
441 1703 579 1768 dexteris
608 1705 721 1768 vostris
750 1713 884 1790 portare.
928 1704 963 1770 Si
989 1707 1158 1787 vincimus,

213 1789 317 1852 omnia
338 1789 429 1854 nobis
450 1798 518 1852 tuta
538 1798 645 1869 erunt,
673 1799 864 1854 commeatus
886 1789 1026 1872 abunde,
1055 1791 1157 1853 mnni-

175 1875 296 1960 meipia
316 1885 409 2024 atqhue
432 1873 572 1939 coloniae
592 1873 759 1960 patebunt;
782 1876 831 1939 sin
851 1884 937 1939 metu
959 1876 1157 1958 cesserimus,

213 1958 353 2024 eadem‘
380 1982 400 2025 a
420 1959 554 2025 advorsa
575 1957 664 2023 fient:
686 1980 789 2045 neque
811 1959 898 2023 locus
912 1981 1014 2046 neque
1036 1960 1158 2024 amicus

175 2066 200 2115 ιι
212 2044 378 2131 quisquam
394 2054 488 2131 teget,
512 2066 605 2129 quem
626 2065 713 2107 anna
726 2065 789 2108 non
803 2045 948 2108 texerint
976 2044 1157 2126 Praeterea,
1168 2069 1201 2119 20

211 2128 343 2214 milites,
365 2151 429 2195 non
450 2129 562 2194 eadem
581 2129 673 2194 nobis
695 2137 726 2192 et
745 2128 807 2192 illis
827 2129 1024 2193 necessitudo
1045 2130 1158 2214 inpen-

212 2213 281 2278 detz
303 2237 362 2279 nos
382 2237 440 2301 pro
461 2215 564 2300 patria
583 2236 641 2300 pro
663 2212 806 2277 libertate
827 2235 884 2298 pro
898 2215 964 2279 vita
978 2222 1157 2297 certamus3
1239 2231 1240 2303 q

211 2297 275 2361 illie
297 2321 563 2384 supervacaneum
590 2308 637 2362 est
663 2320 805 2383 pugnare
833 2321 890 2383 pro
919 2299 1059 2385 potentia
1079 2320 1158 2384 pau·

173 2402 328 2453 incorum.
378 2381 448 2462 Quo
477 2383 625 2446 audacius
652 2381 872 2466 adgredimini,
901 2405 1055 2448 memores
1076 2385 1159 2469 pris·

173 2467 296 2538 retinas
317 2467 449 2532 virtutis.
490 2466 595 2531 Licuit
619 2467 709 2532 vobis
732 2489 801 2530 cum
825 2490 946 2531 summa
1037 2467 1200 2538 itudineas

211 2553 246 2615 in
267 2550 363 2616 exilio
385 2560 519 2618 aetatem
547 2573 657 2636 agere3
686 2553 830 2636 potuistis
859 2480 1159 2636 nonnuiditomae,
1238 2577 1239 2653 q

172 2656 204 2706 14
213 2636 336 2700 amissis
355 2635 458 2720 bonis,
480 2635 598 2701 alienae
613 2657 687 2721 opes
704 2641 886 2722 expectare:
908 2639 982 2722 quia
995 2637 1051 2700 illa
1064 2638 1160 2703 foeda

213 2729 306 2806 atque
326 2721 523 2788 intoleranda
541 2723 618 2789 viris
644 2721 849 2804 videbantur,
877 2720 956 2786 haec
985 2723 1074 2808 sequi
1103 2721 1160 2786 de·

59 2829 62 2834 ·
172 2805 366 2877 secrevistis.
409 2806 444 2872 Si
469 2807 549 2872 haec
576 2806 753 2893 relinquere
778 2806 888 2890 voltis,
917 2806 1049 2871 audacia
1077 2829 1159 2894 opus

172 2900 274 2976 roest3
295 2913 388 2957 nemo
409 2893 470 2956 nisi
491 2893 592 2958 vietor
611 2915 690 2979 paee
711 2891 831 2957 bellum
848 2893 996 2957 mutavit:
1028 2913 1103 2956 nam
1123 2894 1159 2956 in
1168 2915 1200 2965 ao

209 2975 286 3062 fuga
307 2977 439 3042 salutem
461 3000 475 3041 s
499 2999 603 3060 erare,
626 3000 697 3041 cum
719 2997 821 3061 arma,
845 2976 957 3062 quibus
977 2998 1090 3062 corpus
1112 2986 1159 3042 te·
1237 2985 1238 3003 ¹

210 3063 310 3148 gitur,
339 3062 379 3128 ab
400 3000 542 3127 hostidsus
564 3065 732 3143 averteris,
756 3083 794 3124 ea
814 3083 891 3126 vero
914 3061 1070 3125 dementia
1091 3071 1157 3145 est3

173 3167 202 3218 1¹1
212 3168 336 3233 semper
360 3149 394 3211 in
419 3147 540 3234 proelio
567 3149 612 3210 eis
634 3168 816 3210 maxumum
838 3155 885 3210 est
906 3145 1080 3295 pobericulum
1103 3149 1159 3232 qui

172 3250 358 3300 tamaxume
379 3233 504 3315 timent,
535 3231 666 3296 audacia
709 3253 743 3295 ro
765 3253 854 3296 muro
876 3231 918 3294 ha
940 3241 1018 3295 etin.

276 3315 356 3382 Cum
376 3340 434 3382 vos
449 3316 630 3399 considero,
685 3318 783 3397 '‘tes,
806 3325 838 3380 et
859 3336 930 3378 cum
951 3315 1035 3378 facta
1047 3324 1196 3385 vestreae
1236 3329 1237 3350 ¹

172 3421 203 3472 ro
212 3410 361 3484 aestumo,
372 3424 487 3487 magna
496 3424 548 3466 me
559 3422 631 3487 spes
641 3402 792 3466 victoriae
802 3409 897 3464 tenet
918 3399 1051 3464 Animus
1068 3409 1157 3464 aetas

210 3486 309 3553 virtus
320 3495 427 3552 vostra
436 3509 487 3550 me
497 3487 668 3569 hortantum,
682 3495 845 3572 praeterea
855 3483 1062 3566 necessitudo,
1076 3507 1157 3571 quae
