2520 3966
446 450 509 515 Ex
530 449 776 518 nssrosslnl

362 620 569 714 ORATIO
614 623 848 715 PHlLIPPI

461 825 508 891 IN
530 825 774 892 SENTENTIA

510 997 543 1064 (u
563 999 594 1050 u
614 995 726 1065 num)

117 1172 133 1219 s
205 1151 355 1218 Maxume
387 1149 516 1236 vellem,
543 1159 652 1237 patres
681 1154 866 1254 conseripti,
899 1177 968 1220 rem
988 1155 1084 1242 publi·

143 1259 214 1302 eam
235 1238 374 1324 quietam
401 1259 472 1303 esso
498 1238 607 1303 autin
635 1237 784 1324 periculis
806 1261 827 1303 a
847 1243 1089 1328 promptissumo

143 1345 268 1410 quoque
291 1321 434 1408 defendi,
457 1323 594 1410 denique
622 1345 723 1409 preve
752 1324 878 1426 incepta
906 1325 1088 1393 eonsultori·

144 1406 203 1474 bus
231 1430 336 1474 noxae
365 1430 446 1474 esse.
505 1405 570 1474 Sed
602 1417 713 1475 eontra
742 1409 948 1476 sedioombus
984 1414 1090 1479 omnis

144 1490 268 1559 turbata
289 1503 379 1577 sunt,
401 1502 434 1560 et
454 1492 495 1559 ab
518 1494 581 1578 eis,
612 1515 690 1582 quos
717 1493 887 1598 prohibere
911 1498 1013 1585 magis
1036 1497 1089 1564 de·

103 1578 243 1662 iooebat,
266 1589 443 1666 postremo,
474 1601 557 1668 quae
588 1601 728 1666 pessumi
758 1590 790 1645 et
818 1580 1003 1654 stultissumi
1035 1583 1088 1649 de·

142 1688 288 1748 crevere,
329 1687 368 1730 ea
398 1663 491 1731 bonis
527 1673 560 1730 et
595 1664 791 1751 sapientibus
819 1665 969 1733 faciunda
1004 1677 1087 1734 sunt

140 1751 222 1816 Nam
243 1750 363 1816 bellum
384 1759 479 1837 atque
507 1773 613 1834 mma,
643 1773 835 1838 quamquem
860 1752 952 1819 vobis
973 1753 1112 1836 invisa}

140 1847 261 1922 tamen,
296 1835 371 1924 quia
398 1835 519 1922 Lepido
547 1835 688 1922 placent,
711 1835 869 1900 sumunda
903 1847 993 1921 sunt,
1025 1837 1087 1904 nisi

139 1923 221 1989 forts
248 1922 299 1987 eui
324 1942 437 2008 paoem
467 1930 633 2008 praestare
668 1931 699 1986 et
727 1921 847 1987 bollum
871 1922 938 2009 pati
964 1922 1087 1990 oonsili-

101 2029 193 2082 osum
215 2017 272 2072 est

203 2091 266 2158 Pro
296 2093 348 2158 dei
371 2092 462 2176 boni,
490 2093 545 2180 qui
570 2091 654 2157 hano
679 2091 805 2175 urbem,
840 2094 959 2161 amissa
988 2096 1110 2179 surius

139 2177 243 2244 adhue
264 2178 383 2266 tegitis,
405 2179 534 2244 Marsus
556 2176 727 2261 Aemilius,
758 2178 897 2244 omnium
918 2177 1086 2280 flagitioso·

138 2287 211 2330 rum
232 2273 420 2351 postremus,
437 2265 492 2352 qui
512 2264 602 2350 peior
624 2285 665 2327 an
686 2263 832 2349 ignavior
854 2264 894 2328 sit
915 2263 1087 2332 dehbersri

140 2371 204 2416 non
225 2357 337 2437 potest,
360 2351 533 2417 exereitum
556 2371 596 2434 op
618 2346 784 2413 rimundus
812 2347 966 2415 libertatis
987 2349 1085 2419 habet

98 2453 129 2502 20
141 2443 173 2499 et
193 2457 234 2500 ex
255 2444 432 2522 contempto
453 2443 583 2499 metuen
604 2455 660 2497 um
680 2431 799 2498 effecit:
828 2457 885 2501 vos
906 2444 1085 2502 mussantes

140 2529 172 2586 et
191 2530 399 2587 retractantes
426 2519 534 2586 verbis
562 2527 594 2584 et
619 2527 728 2584 vatum
757 2518 949 2586 carminibus
997 2543 1086 2586 asem

140 2605 253 2691 optatis
284 2607 386 2692 magis
419 2627 515 2692 quam
546 2603 730 2688 defenditis,
763 2626 868 2692 nequo
903 2543 1085 2694 intedegitis

138 2688 269 2756 mollitia
298 2689 497 2757 decretorum
529 2688 621 2756 vobis
654 2689 854 2778 dignitatem,
886 2689 934 2755 iili
966 2699 1085 2758 metum

138 2775 272 2842 detrahi.
315 2774 360 2840 At
382 2797 423 2840 ue
443 2776 478 2841 id
498 2776 583 2859 iure3
607 2779 755 2876 quonism
770 2797 810 2840 ex
831 2776 952 2862 rapinis
974 2782 1110 2844 consu-⁴

96 2865 129 2933 zi
137 2861 246 2945 latum,
269 2859 310 2928 ob
333 2883 367 2926 se
392 2861 518 2926 'tionem
554 2861 728 2926 romnoism
741 2883 814 2926 oum
834 2863 975 2930 exerutu
989 2861 1084 2949 adep·

137 2955 189 3013 tus
212 2955 268 3012 est.
312 2944 399 3026 Quid
425 2945 480 3011 ille
507 2883 553 3012 od
574 2944 658 3013 bene
693 2945 777 3010 fasta
813 2946 964 3032 cepisset,
995 2945 1084 3012 ouius

1 3073 2 3090 κ
139 3031 312 3099 sceleribus
333 3039 422 3097 tants
441 3032 585 3118 praemia
605 3029 780 3096 tribuistis?
812 3029 856 3096 As
878 3031 997 3098 seilicet
1018 3049 1107 3116 eos,5

139 3117 257 3268 qffld
276 3125 471 3266 postremum
484 3138 586 3267 upiqup
607 3115 738 3203 legatos,
753 3137 866 3266 paoem
872 3117 1085 3268 pmmrgim

96 3224 679 3440 ιοΞᾗ.)01*ἷὲεθ,ωιιῑειιοιῗηοωᾱοοεροοῗιότξῐν
679 3223 873 3388 odrundrgingid
887 3224 1084 3374 pindum

161 3372 844 3461 1upraedeslooosestumuntur3qu1pps
864 3381 951 3440 metu
993 3394 1084 3440 soem

139 3467 336 3547 repetentes,
369 3477 431 3551 quo
463 3457 604 3526 habitam
640 3457 819 3524 amiseram
876 3395 1035 3544 Equidem
1062 3478 1105 3526 ss
