2520 3966
344 167 559 239 EPISTVLA
579 171 868 240 Mrufflrmnrus
1020 174 1077 240 151

125 357 177 412 tus
199 347 232 412 in
254 349 392 434 patrium
412 369 557 434 regnum,
587 348 762 436 naufragiis
791 347 876 499 apud
896 348 1027 414 Parium
1048 357 1080 412 at

1 479 2 504 ;
125 432 318 500 Heracleam
349 433 485 498 militum
513 444 659 500 otumos
688 457 760 500 cnm
793 433 950 500 cassibus
978 434 1079 499 amisi

125 520 283 586 Restituto
313 519 428 587 deindo
458 543 521 607 apu
572 519 732 586 Caberam
760 522 902 588 exercitu
929 528 961 585 et
981 522 1079 586 variis
1093 523 1122 576 ¹⁵

1 655 2 688 3
124 609 207 674 inter
228 629 280 671 mo
301 615 398 695 atque
414 606 583 673 Lucullum
604 607 733 695 proeliis
755 609 862 695 inopia
882 630 994 673 rursus
1015 629 1080 672 am·

99 691 184 759 ⁵bos
205 694 345 758 messuit.
374 692 427 758 Illi
449 693 578 760 suberat
598 716 732 781 regnum
746 693 971 760 Ariobarzanis
993 692 1080 761 bello

125 781 295 846 intactum:
318 802 378 867 ego
405 782 505 845 vastis
535 782 654 846 circum
683 779 830 846 omnibus
859 780 937 848 locis
963 781 997 845 in
1018 779 1080 845 Ar·

125 868 263 931 menium
291 867 454 933 concessi:
484 869 646 954 secutique
673 867 808 934 Romani
835 890 901 935 non
929 888 995 951 me,
1023 867 1080 932 sed

125 975 246 1019 morem
268 975 361 1018 suum
382 953 489 1019 omnia
516 976 618 1040 regna
640 952 859 1036 subvertendi,
883 955 957 1042 quia
977 952 1079 1018 multi-

126 1039 267 1104 tudinem
288 1040 364 1108 artis
386 1038 464 1106 locis
486 1062 595 1128 pugna
615 1039 821 1128 prohibuere,
843 1039 1079 1127 inprudentiam

85 1143 115 1191 ιο
126 1125 273 1212 Tigranis
295 1149 353 1213 pro
375 1127 511 1192 victoria
533 1135 702 1194 ostentant.

187 1211 281 1278 Nune
303 1235 422 1301 quaeso
450 1213 633 1296 considera,
661 1212 755 1281 nobis
785 1213 945 1301 oppressis
973 1221 1079 1278 utrum
1093 1221 1121 1270 ¹0

124 1299 296 1364 firmiorem
318 1308 350 1365 te
372 1299 414 1364 ad
434 1299 650 1367 resistundum
671 1323 713 1366 an
731 1300 828 1365 finem
841 1298 919 1365 belli
940 1299 1080 1365 futurum

124 1385 244 1472 putes?
279 1384 352 1452 Scio
384 1385 533 1488 equidem
570 1384 629 1451 tibi
660 1409 794 1474 magnas
829 1408 906 1473 opes
938 1388 1079 1452 virorum

125 1495 284 1538 armorum
306 1481 338 1536 et
359 1496 427 1538 aun
449 1495 539 1558 esse;
572 1485 604 1538 et
631 1496 669 1539 ea
689 1495 725 1538 re
758 1473 890 1539 anobis
918 1473 960 1538 ad
982 1473 1080 1538 socic-

83 1567 232 1642 t5tatcm‚
255 1557 382 1623 abillis
409 1559 450 1625 ad
478 1559 630 1647 praedam
656 1559 785 1646 peteris.
830 1557 980 1626 Ceterum
1006 1581 1080 1625 con·

125 1643 230 1710 silium
252 1654 316 1728 est,
346 1645 494 1733 Tigranis
523 1669 623 1734 regno
651 1647 792 1734 integro,
820 1646 900 1711 meis
927 1645 1080 1710 militibus

122 1730 201 1797 belli
232 1731 456 1818 prudentibus,
484 1732 595 1818 procul
629 1732 670 1798 ab
693 1731 787 1799 domo
822 1737 931 1818 [parvo
958 1730 1078 1814 labore]

123 1839 182 1904 per
214 1828 324 1883 nostra
355 1840 487 1905 corpora
515 1817 636 1886 bellum
668 1819 845 1884 conficere:
879 1840 942 1907 quo
974 1839 1080 1906 neque

123 1904 253 1969 sineere
284 1927 389 1992 nequo
424 1904 510 1970 vinci
543 1905 612 1970 sine
640 1914 695 1971 tuo
726 1905 868 1992 periculo
900 1925 1079 1992 possumus.

82 1989 176 2056 roAn
198 1991 209 2052 i
255 2012 327 2057 oras
348 1991 518 2074 Romanoa,
540 2000 711 2094 postquam
732 1991 774 2057 ad
796 1990 995 2058 occidentem
1009 2005 1120 2076 per-tt

124 2076 213 2164 genti
235 2099 274 2142 us
295 2077 393 2142 finem
407 2077 556 2143 Oceanus
570 2077 654 2162 lectt,
677 2100 767 2144 arma
780 2077 844 2143 huc
859 2075 1080 2143 convortisse‘?

123 2184 229 2251 neque
263 2165 433 2252 qrricquam
459 2185 479 2227 a
510 2164 664 2251 principio
696 2165 759 2228 nisi
790 2172 917 2250 raptum
950 2161 1079 2247 habero,

124 2249 253 2315 domum
274 2251 441 2338 coniuges,
472 2271 565 2337 agros
597 2249 793 2337 imperim?
822 2271 983 2316 convenas
1005 2248 1081 2317 olim

124 2337 193 2401 sine
213 2339 316 2424 patria
336 2334 531 2424 parentibus,
553 2345 677 2423 pestem
709 2334 853 2404 conditos
875 2336 961 2403 orbis
983 2343 1081 2402 tarra·

81 2438 214 2488 aarum:
244 2422 361 2511 quibus
382 2445 447 2490 non
479 2422 619 2488 humana
650 2421 716 2486 ulla
747 2445 852 2510 neque
885 2423 993 2489 divina
1025 2421 1080 2489 ob·
1132 2469 1139 2486 .

123 2516 218 2593 amnt,
241 2512 318 2597 quin
341 2511 443 2576 socios
463 2510 593 2593 amicos,
614 2507 726 2596 procul
748 2510 837 2575 iuxta
859 2511 946 2595 sitos,
967 2510 1079 2596 inopes

122 2598 324 2684 potentisque
345 2596 472 2662 trahant
495 2595 681 2679 excindant,
710 2597 817 2663 omnia
838 2618 880 2662 ue
901 2618 966 2662 non
987 2616 1081 2661 serva

123 2690 160 2748 et
177 2705 325 2748 maxume
345 2704 447 2769 regna
478 2680 608 2749 hostilia
640 2681 767 2748 ducant
817 2619 902 2748 llam
924 2705 965 2748 ue
986 2682 1080 2769 pauci
1092 2695 1122 2746 ts

123 2767 311 2853 libertatem,
333 2791 408 2856 pars
429 2790 548 2856 magna
568 2769 671 2834 iustos
699 2768 843 2834 dominos
865 2705 998 2833 volunt:
1020 2790 1080 2835 nos

82 2871 114 2920 ³0
124 2857 265 2942 suspecti
291 2877 400 2921 smnus
430 2853 547 2920 aemuli
570 2863 602 2919 et
629 2856 663 2919 in
685 2863 827 2942 tempore
858 2854 1002 2920 vindices
1024 2852 1079 2919 ad·

122 2941 230 3006 nuri.
284 2941 335 3006 Tu
356 2963 443 3024 vero,
479 2942 531 3006 cui
553 2939 723 3026 Seleucea,
757 2963 910 3006 maxuma
941 2938 1078 3024 urbium,
1090 2956 1122 3006 ts

123 3050 319 3115 regnumque
333 3026 474 3092 Persidis
495 3026 623 3092 inclutis
646 3027 763 3092 divitiis
779 3035 837 3111 est,
854 3025 931 3114 quid
952 3026 994 3091 ab
1015 3025 1079 3091 illis

122 3115 185 3178 nisi
207 3113 314 3180 dolum
334 3116 369 3180 in
389 3135 543 3201 praesens
566 3121 599 3178 et
618 3123 731 3200 postea
752 3111 873 3179 bellum
898 3111 1079 3200 expectas?

122 3199 257 3265 Romani
289 3223 379 3265 arma
406 3201 440 3264 in
468 3199 570 3265 omnis
601 3199 731 3285 habent,
765 3221 932 3266 acerruma
958 3198 992 3264 in
1014 3216 1123 3283 cuano

81 3285 238 3374 atquibus
259 3287 353 3352 victis
377 3285 478 3373 spolia
499 3308 650 3351 maxuma
679 3294 774 3352 sunt:
797 3285 944 3352 audendo
967 3293 1000 3350 et
1020 3283 1080 3350 fal·

122 3372 220 3438 lundo
243 3382 275 3438 et
295 3370 382 3440 bella
403 3396 443 3439 ex
464 3371 559 3439 belbe
587 3372 724 3438 senmdo
757 3374 867 3460 magni
887 3370 973 3437 facti.
1017 3370 1120 3441 Perat

123 3459 206 3528 hunc
229 3482 350 3530 morem
373 3461 560 3548 extinguent
587 3460 694 3525 omnia
720 3468 775 3526 aut
806 3457 972 3529 occident:
995 3457 1080 3548 quod
