2520 3966
212 241 255 308 84
498 245 723 310 IVGVRTHA
743 245 867 312 50-51

211 424 358 500 occupat,
382 437 444 502 qua
463 411 609 498 Metellus
632 416 852 503 descenderat,
881 440 922 483 ne
942 419 1024 486 forte
1045 419 1160 500 cedm-

209 501 292 566 tibus
315 500 504 565 advorsariis
526 523 598 565 rece
621 504 666 566 tui
688 526 725 567 ac
746 513 818 589 post
838 504 1031 571 munimento
1059 506 1161 594 foret3

184 585 282 654 tdein
313 594 443 672 repente
476 588 565 672 signo
595 523 667 652 dato
695 589 794 654 hostis
822 590 951 655 invadit
1000 591 1161 659 Numidae

208 671 262 736 alii
283 681 456 758 postremos
478 672 627 756 caedere,
655 693 729 760 pars
758 697 778 738 a
806 676 932 741 sinistra
960 699 999 741 ac
1026 677 1162 743 dextera

83 813 91 830 ,
207 765 368 843 temptare,
391 757 505 822 infensi
526 758 638 822 adesse
653 768 685 823 at
706 781 746 824 ue
767 761 895 844 instare,
918 762 1063 827 omnibus
1076 763 1184 835 lociss
1243 753 1244 778 ¹

206 843 418 908 Romanorum
440 843 565 909 ordines
587 853 698 909 contin
720 867 789 927 are,
820 869 953 933 quorum
981 849 1076 912 etiam
1102 851 1161 934 qui

206 927 395 993 firmioribus
422 931 535 994 animis
557 928 643 994 obvii
668 929 810 995 hostibus
836 931 974 1015 fuerant,
1002 932 1160 1000 ludificati

206 1015 326 1078 incerto
347 1015 485 1100 proelio,
507 1016 570 1102 ipsi
589 1015 683 1082 modo
707 1017 827 1080 eminus
849 1018 1078 1102 sauciabantur,
1099 1041 1159 1084 ne·

207 1121 268 1186 que
296 1109 404 1165 contra
435 1101 571 1166 feriundi
603 1108 658 1166 aut
688 1102 878 1167 conserundi
904 1125 1033 1168 manum
1063 1106 1161 1190 copia

181 1193 289 1270 terat3
311 1195 384 1252 ante
404 1188 469 1252 iam
483 1186 568 1252 docti
588 1186 629 1251 ab
648 1185 799 1272 Iugurtha
814 1189 944 1273 equites,
965 1189 1160 1274 ubicumque
1169 1217 1198 1268 ω

204 1271 416 1338 Romanorum
436 1281 540 1337 turma
559 1274 683 1359 insequi
705 1281 868 1360 coeperat,
897 1296 961 1338 non
990 1273 1159 1340 confertim

202 1378 306 1444 neque
326 1359 360 1424 in
381 1380 478 1422 unum
500 1380 570 1423 sese
583 1358 793 1445 recipiebant,
816 1359 873 1422 sed
888 1358 967 1423 alius
982 1357 1045 1424 alio
1059 1382 1159 1445 quam

180 1461 350 1512 tmaxume
372 1443 499 1509 divorsi.
541 1443 591 1509 Ita
610 1465 741 1509 numero
760 1445 897 1545 priores,
926 1445 955 1510 si
980 1444 1020 1511 ab
1048 1467 1158 1531 perse·

205 1528 328 1614 quando
361 1529 459 1594 hostis
488 1529 646 1596 deterrere
675 1538 897 1616 nequiverant,
930 1529 1079 1594 disiectos
1111 1531 1156 1596 ab

203 1624 292 1699 tergo
314 1622 368 1677 aut
389 1613 538 1679 lateribus
561 1615 864 1698 circumveniebant3
893 1615 943 1680 sin
972 1617 1198 1702 oportunioris

203 1699 297 1785 fugae
318 1699 408 1764 collis
435 1722 529 1787 quam
558 1703 660 1788 campi
688 1701 806 1784 furerat,
822 1709 878 1766 “ea
905 1723 982 1773 vero
1011 1705 1157 1768 consueti

202 1784 408 1852 Numidarum
419 1787 492 1873 equi
501 1785 595 1851 facile
608 1788 691 1851 inter
703 1786 841 1872 virgulta
856 1786 1006 1870 evadere3
1027 1796 1156 1854 nostros
1243 1781 1244 1876 l

153 1885 189 1943 st
203 1873 354 1960 asperitas
376 1881 408 1938 et
428 1872 595 1938 insolentia
615 1872 678 1938 loci
690 1872 854 1937 retinebat
893 1871 1040 1939 Ceterum
1054 1872 1155 1938 facies
1243 1887 1244 1952 ἶ

201 1959 296 2024 totius
317 1960 424 2045 negoti
444 1959 533 2023 varia
553 1959 688 2041 incerta,
713 1957 809 2023 foeda
829 1967 923 2046 atque
943 1956 1153 2024 miserabilis:
1243 1953 1244 2036 Ῐ

200 2044 335 2132 dispersi
356 2066 375 2108 a
396 2045 461 2110 suis
481 2065 555 2131 pars
577 2043 698 2126 cedere,
720 2043 775 2108 alii
789 2043 921 2131 insequi,
942 2065 1045 2129 neque
1060 2043 1195 2128 signa„

202 2151 302 2216 usque
331 2131 457 2196 ordines
490 2129 672 2212 observare,
704 2129 761 2194 ubi
789 2151 956 2216 quemque
975 2128 1153 2214 periculum
1243 2147 1244 2218 f

201 2225 335 2302 ceperat,
357 2215 402 2280 ibi
423 2216 569 2302 resistere
591 2237 629 2278 ac
649 2213 850 2300 propulsare3
873 2237 961 2284 arms
981 2213 1054 2296 tela,
1077 2215 1154 2300 equi

200 2302 270 2384 vin',
292 2301 397 2365 hostes
419 2311 514 2387 atque
527 2301 614 2366 cives
628 2300 785 2386 permixti,
807 2299 886 2366 nihil
901 2298 1087 2366 consilioue
1110 2320 1153 2364 ue

177 2386 332 2472 timperio
354 2387 422 2471 agi,
444 2385 511 2450 fors
533 2385 638 2450 omnia
658 2407 779 2470 regere.
811 2384 922 2471 Itaque
936 2384 1070 2450 multum
1110 2385 1152 2450 ’ei
1243 2385 1244 2454 l

223 2481 410 2554 rocesserat,
439 2493 511 2536 cum
533 2471 693 2534 ehamtrm
715 2479 846 2534 eventus
873 2471 907 2536 in
928 2471 1047 2534 incerto
1071 2479 1193 2544 erutas
1243 2483 1244 2568 ,

177 2575 191 2623 s
234 2557 346 2642 enique
362 2555 506 2622 omnibus
527 2554 636 2620 labore
658 2564 689 2620 et
709 2565 800 2622 aestu
813 2553 979 2641 languidis,
1001 2553 1151 2620 Metellus
1243 2583 1244 2598 ¹

200 2642 255 2707 ubi
275 2641 362 2708 videt
381 2641 533 2706 Numidas
554 2641 658 2706 minus
679 2643 814 2725 instare,
840 2638 1004 2728 paullatim
1030 2639 1150 2706 militas
1243 2689 1244 2696 κ

199 2727 232 2790 in
246 2749 342 2792 unum
358 2725 520 2811 conducit,
543 2725 668 2792 ordines
689 2727 825 2792 restituit
846 2734 877 2790 et
892 2725 1028 2790 cohortis
1049 2723 1150 2810 legio-
1243 2715 1244 2804 l

198 2814 302 2878 narias
325 2822 469 2900 quathtor
490 2812 658 2877 advorsum
709 2811 808 2876 ediles
836 2812 972 2877 hostium
994 2809 1149 2874 conlocat.
1243 2837 1244 2864 ι

198 2897 317 2964 Eorum
330 2919 445 2984 magna
453 2920 527 2984 pars
538 2835 750 2984 superiorihus
764 2895 844 2962 locis
858 2896 943 2961 fessa
952 2894 1148 2960 consederat
1159 2922 1191 2972 ω
1243 2911 1244 2914 ’

174 2983 299 3053 tSimul
320 3005 410 3051 orare
431 2984 550 3048 hortari
570 2983 700 3066 milites,
722 3005 764 3048 ue
786 2981 956 3048 deficerent
975 3002 1039 3044 neu
1059 2989 1149 3066 pate-

196 3079 305 3134 rentur
335 3071 433 3135 hostis
462 3069 609 3155 fugientis
635 3069 779 3134 vincere:
815 3089 918 3153 neque
945 3064 1009 3129 illis
1043 3073 1149 3132 castra

199 3176 284 3239 esse,
306 3176 410 3243 neque
429 3155 657 3220 munimentum
677 3153 792 3236 ullum,
822 3175 884 3238 quo
911 3150 1058 3216 cedentes
1079 3160 1148 3216 ten-

173 3240 324 3324 tdereut3
345 3243 379 3305 in
401 3241 496 3306 armis
518 3241 623 3306 omnia
644 3239 713 3304 sita.
756 3237 821 3304 Sed
841 3259 881 3302 ne
906 3235 1058 3337 Iugurtha
1078 3237 1148 3322 qui·

198 3325 270 3390 dem
284 3327 405 3392 interea
418 3328 542 3427 quietus
555 3333 640 3390 erat:
663 3325 828 3390 circumire
841 3322 969 3405 hortun,
990 3343 1147 3386 renovare
1155 3339 1189 3394 aa

196 3411 351 3497 proelium
372 3419 404 3476 et
423 3433 493 3497 ipse
515 3433 586 3476 cum
608 3408 738 3475 delectis
759 3415 912 3494 temptare
932 3407 1051 3472 omnia·
1073 3403 1146 3474 suh

196 3495 307 3561 venne
340 3495 423 3578 suis,
454 3495 597 3561 hostibus
628 3493 732 3564 dubiis
763 3496 895 3579 instato,
921 3513 1007 3579 quos
1037 3567 1041 3577 ¹
