2520 3966
177 153 239 220 m
502 140 743 211 evetium
765 141 830 210 m

181 341 361 472 ttttffi
387 309 1002 470 ffbgmrsfflpffinuo,
1029 329 1135 460 tt:

157 491 292 578 upopuli
319 489 453 555 Romani
481 485 646 552 eommodo
676 507 748 548 eum
780 484 827 548 eis
855 481 1023 546 disserere.
1074 479 1137 545 Ille

183 578 290 642 statim
331 575 467 639 Lucium
505 571 628 637 Sullam
671 579 704 634 et
729 567 849 633 Aulum
890 565 1049 632 Manlium
1088 567 1138 631 irs

183 661 279 728 iubet,
324 659 389 740 Qui
409 679 600 746 quamquam
622 656 716 721 acciti
736 653 842 736 ibunt,
878 661 987 717 tamen
1013 651 1161 738 plauuitt

182 747 282 812 verba
302 745 388 832 apud
408 765 518 830 regem
537 742 653 824 faeere,
672 741 719 805 uti
732 739 896 824 ingenium
909 746 964 802 aut
985 759 1139 803 avorsum

184 832 364 912 flecterent,
394 839 448 895 aut
476 851 517 894 eu
537 827 624 892 idum
654 825 743 912 pacis
772 823 992 890 vehementius
1022 845 1138 888 areen-

158 916 305 986 sderent.
348 913 505 1002 ItaqusS
578 913 699 998 ,euius
721 909 910 992 facundiae,
941 931 1009 974 nun
1040 909 1140 974 aetati

185 1025 206 1068 a
231 1001 351 1066 Manlio
381 1021 588 1082 eoncessum,
616 1019 721 1084 pauca
754 994 858 1062 verbs
887 994 1020 1059 huiuses
1049 993 1140 1060 medi

185 1087 325 1152 loeutus:
1151 1099 1181 1152 tt

159 1189 176 1240 tt
248 1169 328 1236 'Rex
348 1170 486 1254 Bocche,
508 1191 625 1256 magna
645 1168 738 1234 nobis
760 1166 881 1232 lustitia
902 1175 967 1247 est,
995 1167 1083 1253 quod
1105 1175 1139 1232 te
1242 1195 1243 1238 t

184 1256 281 1323 talem
309 1257 413 1322 virum
445 1255 499 1322 dei
526 1275 698 1337 monuere,
733 1254 781 1318 uti
814 1251 984 1338 aliquando
1021 1273 1141 1339 pacem

185 1364 280 1430 quam
300 1340 421 1406 bellum
440 1339 563 1424 malles,
577 1362 642 1406 neu
662 1349 694 1404 te
715 1347 878 1426 optumum
893 1360 965 1402 eum
986 1360 1141 1424 pessum
1242 1391 1243 1412 ἶ

186 1427 324 1492 omnium
356 1425 510 1511 Iugtntlm
548 1425 711 1492 miscendo
748 1422 1008 1508 conmaculares,
1041 1423 1141 1488 simul

186 1511 278 1576 nobis
300 1511 444 1576 demeres
474 1511 622 1577 acerbam
651 1509 933 1592 necessitudinem,
963 1510 1085 1597 pariter
1106 1519 1183 1576 tutu

161 1605 344 1665 terrentem
365 1606 397 1662 at
418 1620 459 1662 ue
480 1597 571 1662 illum
593 1596 881 1662 sceleratissumum
902 1596 1063 1682 persequi.
1084 1595 1142 1661 Ad

186 1682 248 1747 hoe
268 1681 386 1769 populo
456 1705 551 1748 mano
573 1685 637 1748 iam
659 1704 678 1747 a
705 1681 862 1768 principio
890 1681 1000 1767 [inopi]
1021 1680 1141 1746 melius

187 1768 308 1851 risum,
338 1767 457 1832 amieos
492 1789 587 1855 quam
626 1789 736 1833 servos
776 1787 947 1854 quaerere3
976 1766 1142 1854 urtiusque

163 1853 256 1934 trati,
279 1851 459 1919 volentibus
481 1875 577 1940 quam
599 1854 716 1918 coactis
737 1853 929 1938 imperitare.
962 1850 1039 1918 Tibi
1059 1874 1141 1918 vero

187 1937 276 2004 nulla
297 1938 480 2024 oportunior
500 1948 610 2004 nostra
630 1939 778 2020 amicius,
800 1938 947 2024 primum,
970 1937 1047 2024 quis
1064 1957 1185 2025 pro-2⁰

187 2023 239 2088 eut
260 2023 421 2106 absumus,
443 2025 478 2089 in
500 2045 562 2112 quo
585 2023 725 2090 offensae
745 2023 931 2106 minumum,
954 2025 1059 2108 gratia
1079 2046 1142 2111 pur

187 2109 634 2260 tibtmdptdtffifflt
650 2107 829 2259 linei?
848 2109 1143 2261 ttttfi‘ffi

161 2281 328 2347 somnium
345 2243 425 2344 'saus
453 2280 521 2344 fuit
574 2217 681 2367 Atqie
709 2278 771 2344 hoe
796 2216 919 2344 utinarii
940 2302 961 2345 a
980 2219 1087 2366 pri1iii
1108 2282 1142 2346 io

187 2363 248 2428 tibi
266 2363 458 2450 placuissett
480 2365 622 2514 qrofeuto
644 2386 687 2430 ex
707 2362 827 2465 popule
848 2364 991 2430 Romano
1013 2366 1056 2431 ad
1077 2303 1184 2432 lineus

189 2459 313 2535 tempus
342 2447 441 2515 multo
470 2473 564 2536 pura
591 2449 677 2516 bona
705 2471 900 2600 seeegmses,
929 2473 1025 2537 quam
1054 2452 1143 2517 male

163 2551 182 2602 a
212 2556 359 2620 erpessus
393 2557 438 2600 es.
492 2535 559 2602 Sed
595 2536 744 2637 quoniam
808 2557 996 2600 umauarum
1031 2559 1141 2602 rerum

188 2557 330 2684 l'ortuna
364 2619 516 2708 pleraque
548 2631 646 2707 regit,
685 2623 737 2685 eui
768 2620 890 2686 seilicet
918 2622 1078 2708 plaeuisse
1109 2633 1142 2688 et

189 2705 255 2771 vim
276 2715 308 2769 et
327 2707 464 2790 gratiam
484 2717 626 2772 nostram
646 2716 678 2770 te
701 2706 856 2794 experiri,
885 2729 980 2790 nune,
1012 2708 1141 2794 quando

190 2812 248 2940 §ier
278 2790 367 2856 illam
395 2789 485 2876 lieet,
513 2792 629 2858 festine
657 2801 752 2877 atque
787 2792 835 2857 uti
866 2794 1000 2879 coepisti
1028 2810 1183 2880 pergeet

151 2894 181 2944 tu
224 2873 292 2940 ulta
319 2885 414 2964 atque
446 2888 601 2964 oportuna
633 2876 748 2958 habes,
782 2899 845 2964 quo
881 2877 1005 2942 facilius
1036 2890 1143 2944 errata

151 2979 177 3031 tt
191 2961 302 3026 officiis
339 2984 479 3049 superes.
536 2964 701 3029 Postremo
737 2962 799 3027 hoe
833 2961 869 3026 in
903 2973 1014 3050 pectus
1050 2973 1142 3031 tuum

191 3046 339 3129 demitte,
375 3070 547 3135 numquam
606 3048 734 3135 epulum
771 3047 949 3113 Romanum
982 3048 1141 3116 benificiis

190 3133 309 3198 vietum
331 3155 417 3215 esse;
439 3157 514 3198 uam
535 3071 620 3199 belo
663 3133 719 3198 uid
740 3132 860 3216 valeat,
881 3143 949 3200 tute
971 3135 1060 3201 seis’.

153 3237 181 3287 ιι
255 3216 309 3281 Ad
331 3239 369 3282 ea
389 3218 536 3284 Bocchus
579 3158 682 3283 laeide
698 3227 730 3283 et
743 3218 891 3304 benigne,
921 3219 1016 3286 simul
1037 3242 1182 3308 paucas

192 3325 250 3389 pro
273 3300 388 3368 delicto
416 3326 473 3370 suo
495 3242 596 3371 verda
624 3303 720 3370 lacit:
743 3327 778 3370 se
806 3325 874 3370 nou
892 3304 1002 3374 hostili
1023 3307 1140 3388 animo,

192 3387 251 3453 sed
271 3385 312 3454 ob
342 3410 477 3474 regnum
502 3388 667 3456 tutandum
690 3413 778 3456 arma
807 3391 948 3478 cepisse3
978 3413 1054 3458 uam
1074 3392 1141 3458 Nu-
