2520 3966
169 243 231 311 los
506 239 735 310 IVGVRTHA
757 240 799 308 86

124 415 258 486 acNunc
285 415 406 502 videte,
435 435 531 503 quam
557 414 659 502 iniqui
693 415 765 480 sint
820 414 915 495 Quod
948 438 990 481 ex
1017 414 1127 484 aliena

165 503 282 570 virtute
304 501 366 569 sibi
381 502 545 590 adrogant,
561 499 596 566 id
616 501 694 566 mihi
717 523 759 566 ex
769 523 842 567 mea
855 525 920 570 non
943 502 1131 568 concedunt

166 589 288 656 scilicet
310 591 384 678 quia
405 589 560 674 imagines
582 610 647 653 non
661 586 774 672 habeo,
791 597 823 653 et
845 590 920 676 quia
937 589 1015 654 mihi
1036 612 1130 654 nova

165 674 314 742 nobilitas
337 686 394 759 est,
418 697 514 762 quam
536 682 623 740 certe
637 675 801 762 peperisse
816 674 930 740 melius
952 684 1010 760 est,
1026 697 1128 763 quam

166 772 329 851 acceptam
351 763 539 849 corrupisse.
1139 784 1155 832 5

126 870 157 921 aa
207 849 367 935 Equidem
389 870 448 935 ego
470 870 536 914 non
558 848 679 934 ignoro,
696 849 724 912 si
745 847 810 913 iam
827 847 906 914 mihi
926 847 1128 936 respondere

165 935 276 1019 velint,
299 935 426 1002 abunde
447 933 512 1000 illis
534 934 704 1000 facundam
727 942 758 1000 et
787 936 984 1022 conpositam
1007 936 1125 1002 oratio-

166 1045 240 1087 nem
266 1022 344 1087 fore.
396 1021 462 1088 Sed
487 1022 522 1087 in
554 1043 706 1087 maxumo
735 1031 843 1087 vostro
872 1021 1020 1088 benificia
1048 1044 1127 1086 cum

166 1108 312 1174 omnibus
327 1108 406 1174 locis
420 1131 536 1196 meque
551 1129 672 1198 vosque
686 1107 876 1174 maledictis
891 1108 1040 1192 lacerent,
1056 1131 1126 1174 non

165 1195 285 1284 placuit
298 1196 442 1280 reticere,
454 1217 495 1260 ne
517 1196 567 1260 uis
581 1194 771 1260 modestiam
783 1195 1050 1260 inconscientiam
1066 1194 1125 1260 du·
1139 1223 1172 1273 10
1240 1265 1241 1270 γ

127 1286 155 1338 ²¹1
166 1291 261 1347 cerat.
283 1282 366 1348 Nam
380 1304 432 1347 me
444 1218 572 1370 quidem
588 1305 630 1346 ex
645 1283 743 1347 animi
757 1283 840 1365 [mei]
857 1283 1013 1346 sententia
1033 1281 1126 1347 nulla

167 1369 267 1434 oratio
289 1368 417 1433 laedere
439 1376 558 1456 potest;
575 1370 692 1455 quippe
714 1391 793 1435 vera
813 1390 946 1434 necessa
968 1377 1017 1432 est
1037 1368 1124 1433 bene
1240 1369 1241 1438 l

124 1478 157 1528 28
166 1454 361 1544 praedicent,
384 1453 466 1519 falsa
494 1455 561 1520 vita
582 1478 751 1542 moresque
772 1457 837 1520 mei
859 1464 1018 1541 superant.
1056 1453 1125 1520 Sed

167 1541 316 1629 quoniam
330 1550 439 1606 vostra
452 1541 585 1607 consilia
596 1551 793 1626 accusantur,
803 1542 857 1645 gui
871 1541 949 1606 mihi
964 1563 1125 1606 summum

166 1626 319 1692 honorem
352 1636 384 1691 et
416 1650 603 1692 maxumum
624 1630 787 1715 negotium
808 1628 1001 1715 mposuistis,
1025 1628 1169 1706 etiam15

166 1721 261 1801 atque
284 1713 379 1778 etiam
400 1736 436 1778 re
459 1723 561 1798 utate,
588 1737 665 1779 num
688 1736 797 1780 eorum
818 1713 1048 1802 paenitundum
1070 1715 1122 1778 sit

126 1800 238 1866 aaron
263 1823 392 1889 possum
413 1737 489 1866 fidei
512 1824 625 1867 caussa
646 1802 802 1887 imagines
817 1822 922 1886 nequo
943 1799 1123 1886 triumphos

167 1897 221 1956 aut
242 1887 423 1954 consulatus
445 1889 601 1954 maiorum
622 1909 765 1953 meorum
781 1895 947 1968 ostentare,
963 1896 1004 1970 at,
1027 1889 1056 1951 si
1070 1909 1123 1951 res

165 1973 313 2061 postulet,
329 1974 436 2042 hastas
452 1975 607 2042 vexillum
621 1973 779 2061 phaleras,
792 1972 854 2038 alia
867 1972 1017 2038 militaria
1027 1972 1122 2056 dona,

125 2088 155 2138 ³0
166 2069 331 2148 praeterea
353 2063 516 2136 cicatrices
532 2061 668 2126 advorso
683 2069 823 2148 pectore.
850 2059 922 2125 Hae
944 2069 1017 2124 sunt
1030 2081 1171 2140 meae20

166 2149 330 2234 imagines,
353 2149 433 2214 haec
455 2147 619 2230 nobilitas,
652 2170 718 2212 non
739 2145 915 2212 hereditate
936 2139 1064 2231 relicta,
1088 2156 1125 2212 ut

166 2233 226 2300 illa
250 2235 328 2320 illis,
363 2236 420 2300 sed
450 2257 531 2321 quae
559 2242 685 2320 egomet
716 2232 871 2321 plurumis
898 2231 1061 2298 laboribus
1092 2243 1125 2298 et

126 2320 316 2410 apericulis
339 2321 491 2406 quaesivi.
535 2320 608 2385 Non
631 2329 704 2385 aunt
727 2320 891 2406 conposita
912 2319 1013 2385 verba
1033 2342 1123 2385 mea:

167 2408 258 2493 parvi
288 2407 321 2471 id
349 2406 448 2492 facio,
478 2408 550 2493 ipsa
577 2428 611 2470 so
638 2408 739 2472 virtus
770 2407 846 2470 satis
877 2406 1035 2471 ostendit:
1057 2405 1124 2471 illis

167 2491 298 2556 artificio
322 2514 400 2578 opus
431 2500 492 2575 est,
522 2500 558 2556 ut
586 2495 692 2578 turpia
720 2493 805 2557 facta
833 2494 974 2559 oratione
1001 2501 1168 2578 tegentes

125 2579 277 2664 ttNeque
299 2577 420 2644 litteras
444 2577 584 2644 Graecas
613 2579 731 2664 ffidi013
759 2603 871 2666 parum
893 2577 1041 2665 placebat
1068 2601 1125 2644 eas

167 2665 307 2748 discere,
342 2667 458 2752 quippe
482 2687 562 2752 quae
585 2664 627 2731 ad
655 2666 805 2731 virtutem
838 2665 1019 2730 doctoribus
1042 2665 1125 2731 nihil

124 2751 359 2838 etprofuerunt.
393 2751 437 2816 At
458 2751 515 2815 illa
536 2751 635 2817 multo
659 2762 788 2838 optuma
809 2753 857 2816 rei
878 2750 1026 2838 publicae
1049 2751 1125 2818 doc·

165 2846 216 2902 tus
238 2860 317 2922 sum,
340 2839 463 2902 hostem
478 2838 582 2922 ferire,
597 2839 792 2926 praesidium
808 2840 937 2925 agitare,
959 2837 1038 2902 nihil
1057 2861 1124 2903 me·

166 2933 254 2988 tuere
266 2925 329 2989 nisi
339 2933 464 3012 turpem
474 2925 608 3010 famam3
624 2925 763 2989 hiemem
778 2933 872 3014 atque
888 2932 1042 2989 aestatem
1052 2926 1124 2989 iux·
1135 2947 1169 2997 ao

166 3013 288 3097 tapeti,
305 3011 393 3076 humi
407 3012 618 3097 requiescere,
642 3011 755 3076 eodem
770 3021 912 3098 tempore
927 3011 1069 3098 inopiam
1091 3021 1125 3077 et

125 3096 310 3162 allaborem
331 3097 477 3164 tolerare.
521 3097 582 3161 His
610 3119 669 3186 ego
699 3099 878 3186 praeceptis
907 3096 1024 3162 milites
1050 3097 1123 3162 hor·

166 3182 275 3248 tabor:
297 3205 402 3272 neque
424 3183 496 3252 illos
519 3193 587 3248 arte
610 3184 722 3268 colam,
745 3207 797 3250 me
820 3183 995 3271 opulenter,
1017 3205 1123 3272 neque

125 3286 156 3336 35
167 3269 301 3356 gloriam
323 3292 442 3347 meam,
472 3269 615 3337 laborem
634 3270 772 3338 *illorum
800 3270 925 3336 faciam.
979 3268 1053 3334 Hoc
1074 3277 1123 3334 est

166 3355 254 3439 utile,
277 3356 338 3424 hoc
361 3353 454 3422 civile
476 3356 659 3446 imperium;
681 3379 766 3444 nam,
790 3379 862 3422 cum
883 3364 950 3421 tute
989 3377 1025 3420 er
1044 3353 1166 3430 mol-aa

167 3441 268 3508 litium
290 3465 382 3536 agas,
405 3444 581 3510 exercitum
603 3442 758 3532 supplicio
782 3465 819 3509 oo
843 3465 913 3526 erc,
941 3443 954 3507 i
998 3449 1047 3510 est
1068 3442 1123 3508 do·

127 3527 304 3613 caminum,
333 3551 398 3595 non
425 3530 649 3616 imperatorem
676 3551 757 3601 esee.
875 3551 893 3596 c
922 3537 1017 3617 atque
1045 3527 1124 3597 talia
