2520 3966
436 397 497 464 EX
517 397 727 464 HISTORIA
747 397 797 462 ΠΙ

170 569 378 662 ORATIO
408 571 589 664 MACRI
610 572 838 664 TRIBVNI
868 571 1063 662 PLEBEt

485 777 547 841 An
570 777 747 843 munnio

491 951 731 1019 mmmm

114 1169 129 1216 5
204 1153 254 1240 Si,
285 1153 440 1240 Quirites,
473 1179 587 1244 perum
620 1157 869 1240 existumaretis,
904 1155 981 1242 quid
1012 1155 1094 1220 inter

138 1243 189 1306 ius
211 1240 426 1307 e·mei01ibus
451 1240 599 1307 relietum
630 1241 723 1309 vobis
750 1249 782 1307 et
808 1241 869 1308 hoo
891 1264 910 1306 e
932 1239 1020 1320 Sulla
1040 1263 1094 1328 pe-

137 1336 243 1392 ratum
265 1327 430 1393 servitium
450 1328 628 1414 interesset,
643 1327 751 1394 multis
772 1328 850 1394 mihi
872 1327 1093 1392 disserundum

138 1411 427 1503 tremendique,
451 1437 529 1565 ques
552 1414 592 1481 ob
619 1416 754 1480 iniurias
776 1425 808 1480 et
830 1415 976 1503 quotiens
1000 1435 1019 1476 a
1041 1435 1093 1500 pe

137 1493 382 1566 triburas-mata
402 1499 455 1590 ple
480 1523 514 1566 es
537 1504 725 1568 secessisset
750 1503 797 1566 uti
820 1523 860 1565 ue
882 1499 1026 1565 vindices
1040 1523 1093 1586 pa-

99 1587 398 1655 iuravisseuomnis
420 1589 498 1653 iuris
521 1589 571 1653 sui
592 1587 738 1654 tribunos
764 1586 817 1674 ple
841 1587 880 1652 ei.
916 1585 1010 1651 Nune
1024 1585 1118 1651 hor-2

137 1673 199 1736 tori
226 1672 322 1738 modo
347 1673 481 1740 relicum
510 1683 560 1740 est
588 1683 620 1740 et
640 1676 688 1740 ire
709 1675 846 1762 primum
867 1673 935 1757 via,
959 1694 1022 1760 que.
1043 1694 1093 1736 ee

137 1759 333 1846 pensandam
355 1758 492 1826 arbitror
512 1759 702 1827 libertatem.
723 1759 837 1847 Neque
858 1781 910 1824 me
931 1759 1117 1846 praeterite

139 1855 272 1932 quantas
295 1868 371 1932 opes
392 1844 566 1914 nobilitatis
589 1847 675 1913 solus
696 1847 854 1934 inpotens,
875 1845 963 1910 inani
986 1844 1092 1932 speeie

136 1932 351 2020 magistratus,
367 1931 486 2018 pellere
502 1931 714 1999 dominatione
734 1933 895 2018 incipiam,
912 1939 1092 2019 quantoque

97 2019 235 2082 tetutius
256 2017 351 2084 factio
383 2019 551 2084 noxiorum
580 2027 655 2106 aget
683 2041 779 2106 quem
812 2017 871 2083 soli
897 2018 1092 2082 innoeentes.

137 2101 203 2168 Sed
222 2113 350 2190 praeter
376 2127 467 2192 spem
498 2103 616 2171 bon'em
648 2127 690 2170 ex
720 2103 830 2188 vobis,
859 2125 941 2192 quae
972 2109 1118 2172 metu‘mt

136 2191 223 2274 vicit,
231 2189 342 2272 v‚stetui
364 2192 546 2256 certaminis
568 2192 704 2257 advorsa
724 2213 782 2278 pro
804 2188 949 2255 libertate
970 2190 1094 2276 potiora

137 2275 303 2342 esse2‘forti
323 2277 393 2342 viro
416 2299 512 2378 quem
533 2279 661 2343 omnino
680 2299 746 2342 non
768 2276 951 2343 certavisse.
975 2273 1117 2356 Oreum-5

138 2384 232 2448 qutun
248 2385 363 2434 ¹omnes
386 2361 441 2427 alu
464 2365 563 2428 creati
590 2386 648 2454 pro
679 2364 749 2429 iure
770 2371 879 2429 vostro
905 2363 972 2428 vim
998 2383 1092 2428 euno-

97 2466 128 2514 m
137 2455 203 2512 tam
217 2449 396 2536 erimperto
411 2471 469 2514 sua
483 2451 587 2537 gretia
601 2458 656 2514 eut
671 2471 727 2537 spe
742 2459 798 2514 sut
810 2450 962 2536 praemiis
977 2449 1012 2514 in
1033 2471 1092 2514 vos

137 2542 321 2600 convortere
353 2535 533 2602 meliusne
567 2534 687 2602 habent
725 2535 873 2602 mercede
907 2533 1092 2623 delinquere

139 2641 235 2708 quem
256 2622 354 2708 gratis
376 2629 463 2687 reete
470 2559 596 2688 qiaoere.

197 2705 311 2794 Itaque
332 2730 442 2773 omnes
476 2730 664 2775 conoessero
689 2709 755 2774 iarn
780 2709 814 2772 in
840 2706 1116 2796 paucorumne·

136 2792 351 2877 minationem,
375 2795 430 2881 qui
451 2816 510 2896 per
531 2794 668 2860 militare
682 2817 799 2861 nomen
821 2796 980 2860 aerarium
1002 2816 1091 2860 exer-

96 2881 225 2964 recites,
247 2902 349 2968 regns
368 2882 550 2967 provrneies
571 2903 768 2969 occupavere
791 2889 823 2946 et
844 2903 951 2948 arcem
971 2878 1092 2944 hebent

136 2987 176 3030 ex
198 2965 306 3067 spoliis
328 2967 466 3033 vostris:
489 2989 562 3033 oum
588 2969 716 3033 interim
745 2989 833 3032 more
859 2989 1011 3054 pecorum
1032 2987 1091 3032 vos

135 3049 300 3116 multitudo
323 3051 457 3141 singulis
484 3051 648 3120 habendos
675 3053 891 3142 fruendosque
917 3052 1089 3140 praebetir,

135 3139 222 3202 exuti
243 3136 406 3224 omnibus,
441 3161 523 3228 quae
554 3141 691 3206 maiores
729 3137 903 3227 reliquere;
929 3140 993 3204 nisi
1016 3139 1091 3227 quie

134 3221 375 3312 vobismet·ipsi
395 3247 453 3312 per
475 3225 635 3314 suffragia,
658 3235 696 3291 ut
715 3223 880 3312 praesides
895 3223 981 3308 olim‘,
1004 3247 1091 3290 nune

98 3330 126 3377 uo
136 3309 278 3376 dominos
301 3309 475 3376 destinatis.
520 3305 633 3400 Itaque
656 3333 843 3378 concessere
865 3310 942 3376 illue
964 3332 1089 3384 omnes:

134 3404 176 3462 et
185 3418 269 3480 mox,
293 3398 322 3460 si
344 3405 454 3464 vostre
474 3399 670 3486 receperitis,
686 3398 728 3463 ad
749 3421 807 3462 vos
829 3396 986 3548 plpqique,
1029 3395 1089 3464 Re·

176 3498 291 3540 Sallustius
1137 3507 1140 3510 '
