2502 3968
201 260 245 324 62
487 257 534 322 IV
535 257 712 322 GVRTHA
735 257 860 322 19-20

204 427 327 494 colonia
347 428 521 510 Theraeon,
544 450 582 492 ac
604 427 752 515 deinceps
767 427 848 492 duae
862 427 986 516 Syrtes,
1008 430 1155 521 interque

204 537 256 578 eas
270 515 389 601 Leptis,
413 514 487 579 dein
498 513 674 579 Philaenon
689 535 772 596 arae,
795 535 889 601 quem
903 515 1009 580 locum
1022 515 1154 606 Aegyp-

202 609 269 664 tum
296 621 408 664 vorsus
436 599 532 663 finem
559 600 672 664 imeri
699 598 839 663 habuere
865 597 1128 686 Carthaginiense

179 708 194 757 t
225 694 274 750 ost
302 684 382 748 aliae
410 684 549 748 Punicae
576 707 615 748 ur
638 707 681 748 es.
732 683 847 750 Cetera
877 684 948 749 loca
979 709 1082 773 usque
1114 627 1157 755 ad
1236 687 1237 714 l

237 771 429 842 auretaniam
463 770 624 834 Numidae
655 778 781 852 tenent3
819 771 967 855 proxumi
998 771 1180 860 Hispania

178 856 304 930 sMauri
333 864 415 920 sunt.
458 854 560 941 Super
586 855 766 920 Numidiam
792 853 943 920 Gaehrlos
972 856 1156 944 accepimus

177 943 315 1027 epartim
335 942 369 1005 in
390 942 539 1025 tuguriis,
562 939 639 1004 alios
654 939 802 1030 incultius
815 961 915 1025 vagos
929 943 1060 1027 agitare,
1107 955 1156 1009 ost

203 1048 257 1090 eos
268 1025 382 1092 Aethio
406 1049 441 1091 as
464 1049 549 1108 esse,
573 1025 646 1089 dein
667 1025 737 1090 loca
759 1035 870 1090 exusta
884 1027 961 1092 solis
975 967 1154 1094 erdenbus.

184 1112 302 1196 *Igitur
322 1051 407 1178 belli
428 1111 614 1196 Iugurthino
642 1110 793 1197 pleraque
816 1133 857 1174 ex
876 1110 1006 1176 Punicis
1036 1115 1156 1200 oppida

204 1205 234 1260 st
247 1197 318 1260 finis
334 1197 651 1282 Carthaginiensium,
675 1218 752 1283 quos
767 1197 947 1262 novissume
966 1197 1153 1282 habuerant,
1167 1228 1194 1278 10

224 1281 335 1367 opulus
370 1283 529 1346 Romanus
570 1303 627 1367 per
666 1282 866 1366 magistratus
902 1282 1153 1366 administrabat,

200 1305 406 1432 boemorum
419 1389 534 1452 magna
555 1389 628 1452 pars
650 1376 681 1430 et
694 1366 849 1432 Numidae
861 1369 962 1455 usque
978 1368 1019 1432 ad
1033 1368 1154 1434 flumen

201 1451 382 1517 Mulucham
405 1451 463 1516 sub
484 1452 636 1537 Iugurtha
657 1460 762 1536 erant,
783 1452 902 1517 Mauris
925 1453 1070 1518 omnibus
1093 1477 1154 1519 rex

201 1537 346 1614 Bocchus
368 1537 584 1623 imperitabat,
612 1546 738 1622 praeter
757 1559 874 1602 nomen
896 1547 1000 1602 cetera
1020 1540 1152 1624 ignarus

201 1622 311 1709 populi
336 1623 484 1705 Romani,
513 1623 588 1687 item
676 1623 768 1687 nobis
796 1626 899 1710 neque
928 1622 1013 1688 bello
1046 1646 1152 1711 neque
1164 1648 1192 1697 1⁵

177 1729 280 1794 space
301 1717 393 1772 antea
414 1709 567 1793 cognitus.
590 1645 662 1772 Ἦ
683 1708 792 1772 Africa
820 1717 851 1772 et
880 1709 947 1773 eius
973 1708 1087 1774 incelis
1111 1709 1152 1774 ad

201 1793 465 1859 necessitudinem
486 1795 534 1858 rei
555 1795 629 1857 satis
652 1793 779 1857 dictum.
1088 1845 1090 1850 .
1236 1823 1237 1860 t

151 1891 193 1948 00
265 1879 436 1965 Postquam
464 1879 565 1944 diviso
592 1900 690 1963 regno
719 1879 815 1979 legati
835 1878 945 1944 Africa
973 1879 1151 1963 decessere,

203 1973 235 2030 et
254 1964 406 2050 Iugurtha
427 1973 536 2029 eontra
556 1965 700 2028 timorem
729 1965 826 2028 ammi
849 1963 992 2052 praemia
1019 1965 1150 2030 sceleris
1236 1977 1237 1990 ¹

202 2050 349 2136 adeptum
371 2070 441 2114 sese
461 2049 562 2131 videt,
586 2057 705 2112 certum
725 2058 827 2132 ratus,
858 2048 943 2137 quod
971 2071 1013 2115 ex
1038 2051 1192 2126 amiciam
1236 2095 1237 2112 1

200 2136 285 2221 apud
304 2135 506 2200 Numantiam
534 2144 715 2220 acceperat,
748 2136 853 2199 omnia
877 2135 996 2200 Romae
1023 2135 1151 2200 venalia

200 2242 279 2302 esse,
302 2220 395 2285 simul
410 2230 441 2285 et
455 2219 580 2285 illorum
593 2218 871 2305 pollicitationibus
885 2240 1045 2304 accensus,
1069 2243 1150 2307 quos

222 2305 305 2370 aullo
327 2313 400 2368 ante
428 2304 610 2380 muneribus
638 2303 836 2390 expleverat,
862 2305 896 2369 in
924 2328 1055 2391 regnum
1082 2305 1150 2370 Ad·

176 2330 337 2456 therbalis
359 2389 498 2454 animum
520 2390 661 2453 intendit.
704 2389 778 2475 Ipse
799 2411 874 2455 acer
898 2390 1086 2474 bellicosus3
1117 2400 1150 2455 at

200 2478 245 2559 is,
273 2497 366 2561 quem
386 2474 529 2576 petebat,
560 2475 681 2562 quietim
703 2474 845 2559 inbellis,
874 2474 998 2562 placido
1019 2478 1191 2561 ingenium

201 2571 372 2647 oportunus
394 2561 537 2644 miuriae,
561 2568 705 2624 metuens
726 2561 827 2645 magis
844 2583 937 2648 quam
950 2560 1148 2626 metuendus.

177 2646 300 2731 ⁶Igitur
327 2668 368 2709 ex
393 2645 553 2732 inproviso
575 2645 646 2710 finis
670 2647 736 2709 eius
759 2668 830 2710 cum
850 2667 966 2731 magna
985 2668 1080 2710 manu
1100 2645 1149 2710 in·

199 2731 301 2813 vadit,
322 2729 436 2795 multos
458 2731 598 2798 mortalis
621 2753 692 2794 cum
718 2752 832 2817 pecore
847 2740 940 2816 atque
955 2729 1017 2796 alia
1030 2731 1150 2818 praeda

200 2817 296 2903 capit,
319 2815 463 2880 aedificia
482 2817 637 2898 incendit,
659 2815 810 2902 pleraque
825 2816 895 2880 loca
908 2815 1062 2880 hostiliter
1076 2838 1149 2881 cum

176 2903 338 2989 aequitate
359 2900 495 2986 accedit,
517 2900 591 2966 dein
613 2924 685 2965 cum
706 2903 791 2965 omni
804 2901 1002 2965 multitudine
1022 2903 1057 2965 in
1077 2924 1190 2987 reg-30

198 3010 275 3052 num
297 3009 386 3050 suum
416 2989 584 3070 convertit,
615 2988 807 3050 existumans
835 2986 943 3050 dolore
971 2995 1150 3072 permotum

198 3071 414 3137 Adherbalem
435 3073 564 3135 iniurias
587 3093 658 3135 suas
679 3093 776 3134 manu
796 3071 1042 3155 vindicaturum,
1065 3093 1150 3136 eam-

176 3177 261 3246 sque
282 3181 350 3222 rem
378 3156 456 3223 belli
485 3179 629 3221 caussam
653 3155 730 3220 forc.
774 3155 818 3220 At
839 3155 910 3240 ille,
940 3157 1085 3245 quodne
1107 3178 1149 3221 ue

200 3266 234 3307 se
256 3265 365 3330 parem
386 3242 481 3308 armis
502 3239 712 3308 existumabat
733 3250 765 3305 et
786 3243 922 3306 amicitia
974 3241 1059 3327 epuli
1086 3180 1149 3307 No-

199 3330 286 3392 mani
306 3331 407 3414 magis
437 3350 531 3415 quam
552 3324 696 3391 Numidis
718 3325 815 3390 fretus
843 3335 925 3410 erat,
950 3265 1075 3412 legatos
1105 3325 1189 3396 adas

200 3413 384 3498 Iugurtham
410 3413 449 3478 de
477 3415 599 3477 iniuriis
647 3419 771 3475 nestum
803 3411 905 3495 misit3
938 3413 992 3498 qui
1023 3413 1151 3477 tametsi

203 3497 427 3562 contumeliosa
455 3497 599 3563 dictare
660 3503 764 3580 erant,
795 3495 884 3582 prius
910 3505 1016 3562 tamen
1043 3497 1151 3564 omnia
