2520 3966
202 270 243 333 74
488 265 709 333 IVGVRTHA
731 265 854 331 35-37

201 440 303 544 parati
313 448 411 525 erant,
426 436 532 527 paullo
547 437 752 503 inconsultius
766 437 939 502 Massivam
954 437 1159 523 adgreditm

201 526 290 592 illum
313 526 493 608 obtruncat,
522 522 578 588 sed
599 526 610 587 i
634 547 668 588 se
690 522 921 609 deprehensus,
953 523 1060 588 multis
1082 522 1160 588 hor-

201 613 339 678 tentibus
362 622 393 676 et
414 613 448 674 in
468 611 578 696 primis
642 610 717 675 bino
741 609 887 691 consule,
909 608 1061 674 indicium
1082 631 1160 694 pro-

176 698 315 764 tfitetur.
357 697 411 760 Fit
438 717 512 759 rcus
542 697 643 782 magis
673 717 715 759 ex
736 717 837 781 aequo
866 694 1027 780 bonoque,
1059 716 1162 779 quam

202 807 243 847 ex
263 785 331 848 iure
353 782 493 866 gentium
513 779 690 862 Bomilcar,
714 802 818 845 eomes
841 781 925 861 eius,
969 780 1002 843 ui
1021 779 1186 846 Romame

176 868 262 936 sfide
284 867 413 954 publica
433 875 574 931 venerat.
618 866 662 930 At
675 865 837 951 lugentha,
859 802 1052 929 manuleatus
1076 865 1162 928 tanti

201 952 346 1035 sceleris,
369 975 433 1017 non
455 953 542 1038 prius
566 952 671 1015 omisit
692 960 801 1015 contra
822 972 934 1015 verum
954 951 1030 1033 niti,
1060 971 1161 1035 quam

202 1041 340 1102 animum
354 1038 500 1120 advortit,
516 1059 612 1123 supra
623 1037 759 1185 patiam
774 1046 867 1121 atque
882 1036 1049 1121 pecuniam
1064 1057 1160 1098 suam

176 1123 352 1192 ainvidiam
383 1124 459 1188 iacti
492 1144 572 1187 esse.
639 1123 739 1208 gitur,
773 1143 962 1207 quamquam
991 1121 1025 1184 in
1056 1121 1161 1208 priori

201 1211 323 1274 actione
346 1232 387 1273 cx
409 1208 517 1274 amicis
540 1207 767 1295 quinquaginta
788 1207 878 1272 vadis
894 1206 1033 1289 dederat,
1055 1227 1159 1292 regno
1173 1226 1204 1275 ιο

200 1296 300 1380 magis
329 1317 423 1363 cuam
450 1293 584 1358 vadibus
612 1293 779 1358 consulens
809 1293 890 1356 clam
918 1293 952 1355 in
972 1291 1161 1355 Numidiam

138 1417 140 1423 2
200 1379 410 1445 Bomilcarem
433 1379 575 1462 dimittit,
597 1379 733 1461 veritus,
763 1399 803 1441 ne
826 1377 965 1462 reliquos
991 1375 1160 1463 popularis

200 1475 301 1529 metus
323 1464 488 1529 invaderet
533 1463 642 1528 arendi
665 1465 739 1546 sibi,
770 1465 797 1526 si
825 1463 864 1528 de
886 1463 941 1527 illo
965 1462 1160 1550 supplicium

161 1571 191 1621 to
201 1559 359 1636 sumptum
380 1549 469 1614 foret.
542 1549 644 1636 tipse
665 1550 775 1636 paucis
803 1548 914 1612 diebus
942 1549 1054 1612 eodem
1083 1570 1159 1635 pro-

199 1635 299 1699 fectus
315 1644 371 1717 est,
394 1636 498 1699 iussus
520 1656 540 1698 a
561 1645 672 1700 senatu
686 1634 779 1699 Italia
794 1632 957 1699 decedere.
990 1632 1056 1699 Sed
1069 1643 1159 1721 post·
1172 1653 1202 1705 tt

201 1743 294 1807 quam
320 1719 421 1785 Roma
448 1742 593 1806 egressus
625 1731 689 1803 est,
721 1720 820 1784 fertur
849 1741 943 1805 saepe
973 1740 1010 1784 eo
1040 1721 1159 1786 tacitns

201 1807 372 1892 respiciens
400 1813 558 1892 postremo
586 1806 720 1871 dixisse:
758 1801 799 1870 Ὀ
822 1805 935 1870 urbem
954 1804 1103 1871 venalem
1127 1817 1161 1871 et

200 1902 321 1958 mature
342 1895 530 1979 perituram,
554 1893 581 1956 si
604 1901 776 1978 emptorem
798 1886 969 1956 invenerit'

148 1999 190 2055 ³5
264 1979 394 2043 Interim
415 1978 551 2043 Albinus
579 1986 730 2042 renovato
758 1976 843 2042 bello
871 1986 1080 2042 commeatum
1104 1980 1160 2043 sti-

201 2064 365 2166 pendium,
389 2063 513 2151 aliaque
536 2085 616 2148 quae
637 2061 789 2126 militibus
810 2085 871 2126 usu
884 2063 997 2146 forent,
1020 2073 1161 2129 maturat
1170 2085 1202 2134 ιο

200 2174 232 2214 m
253 2149 393 2215 Africam
408 2156 549 2235 portare3
573 2170 610 2212 ac
632 2149 737 2212 statim
757 2149 827 2233 ipse
842 2148 1010 2234 profectus,
1032 2157 1160 2214 utente

200 2237 341 2316 comitia,
365 2235 449 2320 quod
471 2246 593 2319 tempus
615 2233 701 2298 haud
722 2233 817 2382 leupo
839 2233 957 2316 aberat,
981 2235 1078 2300 armis
1102 2246 1160 2300 aut

176 2320 358 2383 ²deditione
386 2329 439 2383 aut
472 2319 582 2406 quovis
616 2319 709 2384 modo
738 2318 779 2383 be
794 2319 859 2382 lum
889 2317 1067 2384 conficeret.
1113 2321 1160 2386 At

200 2411 309 2469 contra
329 2404 481 2488 Iugurtha
502 2404 626 2469 trahere
649 2405 755 2470 omnia
777 2413 808 2469 et
830 2403 917 2488 alias,
941 2404 1055 2470 deinde
1076 2404 1159 2470 alias

200 2511 306 2554 morae
328 2511 455 2553 caussas
478 2489 598 2572 facere3
620 2489 764 2577 polliceri
780 2489 971 2554 deditionem
986 2512 1024 2554 ac
1039 2489 1158 2556 deinde
1170 2509 1202 2560 25

199 2584 317 2640 metum
339 2573 504 2657 simulare,
528 2574 640 2640 cedere
662 2576 791 2640 instanti
814 2584 845 2639 et
865 2574 972 2724 paullo
994 2586 1082 2661 post,
1114 2600 1158 2641 ne

200 2663 249 2725 sui
271 2660 464 2743 diffiderent,
487 2662 621 2724 instare:
650 2663 694 2725 ita
714 2660 792 2726 belli
813 2681 864 2724 mo
889 2681 921 2743 0,
948 2659 1042 2724 modo
1065 2664 1158 2746 pacis

175 2755 288 2811 ³m0ra
310 2745 472 2811 consulem
494 2745 657 2810 ludificari.
701 2746 750 2810 Ac
771 2744 875 2828 fraere,
900 2745 953 2831 qui
974 2755 1042 2810 tum
1063 2745 1158 2812 Albi-

198 2855 274 2897 num
295 2830 380 2896 haud
400 2833 545 2916 ignauam
567 2830 678 2896 consili
693 2833 777 2916 regis
794 2832 1027 2914 existumarent,
1049 2853 1158 2920 neque

200 2941 240 2982 ex
262 2927 349 2983 tanta
369 2917 570 3003 properantia
591 2926 655 2980 tam
676 2917 769 2980 facile
797 2924 931 2980 tractum
957 2915 1077 2980 bellum
1105 2937 1201 2987 so-ao

175 3004 307 3068 tcordia
327 3003 428 3088 magis
452 3023 545 3089 quam
574 3000 645 3066 dolo
677 3000 850 3066 crederent.
895 2999 959 3066 Sed
986 3011 1157 3102 postquam

199 3088 321 3175 dilapso
336 3097 477 3175 tempore
493 3087 689 3152 comitiorum
704 3087 771 3152 dies
787 3085 991 3168 adventabat,
1007 3087 1156 3171 Albinus,

188 3175 282 3324 ‘aiulo
304 3173 399 3239 fratre
420 3177 454 3238 in
477 3172 586 3237 eastris
607 3195 665 3258 pro
694 3181 839 3259 praetore
867 3170 995 3255 relicto,
1026 3177 1156 3237 Romam

223 3261 344 3324 ecessit.

149 3357 187 3413 ³7
262 3344 312 3409 Ea
325 3354 510 3429 tempestate
524 3344 644 3408 Romae
659 3341 864 3408 seditionibus
879 3341 1055 3406 tribuniciis
1071 3351 1154 3408 atro·
1165 3363 1198 3414 rs

175 3431 277 3498 ociter
305 3451 357 3494 res
384 3429 513 3515 publica
540 3428 726 3514 agitabatur.
769 3426 901 3492 Publius
934 3425 1089 3492 Lucullus
1122 3438 1156 3495 et

197 3513 314 3580 Lucius
336 3514 476 3597 Annius,
498 3512 750 3599 tribuniplebis,
778 3512 996 3578 resistentibus
1018 3511 1152 3601 collegis
