2502 3968
202 269 245 336 54
488 268 716 338 IVGVR'I'HA
738 267 863 338 11-13

202 441 323 507 tardius
336 440 521 529 prooeduut,
543 463 647 529 neque
661 442 779 508 lenitur
793 443 916 508 animus
927 440 1028 525 ferox,
1044 441 1157 506 statuit

201 528 312 614 quovis
333 527 427 594 modo
448 529 609 614 inceptum
629 527 791 614 perficere.
1241 535 1242 562 ¹

156 631 191 686 ιε
263 613 371 679 PrImo
392 624 566 698 eonveutu,
596 637 692 700 quem
712 614 753 679 ab
774 614 894 701 regulis
915 613 1034 678 factum
1056 635 1157 698 supra

200 701 389 784 memoravi,
425 710 555 786 propter
594 701 823 765 dissensionem
858 699 1022 787 placuerat
1052 697 1157 764 dividi

177 785 364 856 lthesauros
385 785 520 872 finisque
541 788 655 873 imperi
681 786 814 872 singulis
841 785 998 852 constitui
1039 782 1181 870 Itaqueo

200 880 326 958 tempus
348 869 390 936 ad
410 881 576 959 utramque
596 895 666 936 rem
687 872 884 955 decernitur,
915 869 972 936 sed
997 872 1156 935 maturius

200 956 242 1021 ad
261 959 429 1043 pecuniam
451 957 708 1023 distribuendam.
751 957 867 1044 Reguli
887 960 1009 1021 interea
1029 957 1063 1019 in
1081 954 1156 1020 loca

176 1044 376 1194 disp-idq?
389 1043 646 1195 didisti
654 1039 1156 1195 tttffltdttddddt

200 1215 254 1300 qui
274 1152 447 1303 proxddrus
470 1216 562 1282 liotor
582 1215 753 1302 Iugurthae
775 1238 867 1282 eorus
889 1222 1100 1364 aooeptusopue
1124 1175 1156 1278 ei
1168 1240 1200 1289 to

200 1322 326 1388 semper
352 1301 468 1386 fuerat,
499 1324 592 1389 quem
621 1302 676 1367 ille
705 1325 781 1367 casu
808 1303 986 1366 ministrum
1012 1300 1156 1366 ebatum

198 1387 363 1488 promissis
402 1396 513 1454 onerat
552 1387 756 1475 inpellitque,
792 1391 840 1453 uti
871 1398 1032 1473 tamquam
1064 1408 1156 1452 suam

198 1473 523 1624 fflttldtt
560 1472 1046 1647 {ltdllltddtffl}
1063 1480 1156 1622 {tt

199 1665 287 1728 rum,
308 1644 364 1711 ubi
384 1667 437 1710 res
458 1645 642 1730 postularet,
664 1668 699 1710 se
720 1646 825 1733 ipsum
839 1668 913 1710 eum
924 1667 1043 1730 magna
1056 1666 1199 1716 mauu15

176 1738 377 1796 eventurum.
426 1729 566 1798 Numida
590 1732 740 1796 mandata
764 1731 856 1796 brevi
889 1729 1016 1796 oonfieit
1047 1739 1154 1816 atque,

200 1817 247 1883 uti
268 1815 379 1883 doetus
401 1827 485 1902 erat,
513 1827 610 1882 noctu
630 1817 801 1903 Iugurthae
829 1817 946 1884 milites
971 1816 1153 1883 introducit.

144 1921 147 1926 ·
175 1903 265 1984 oQui
277 1913 444 1992 postquem
460 1905 512 1987 [in]
528 1903 616 1968 aedis
630 1905 787 1991 inrupere,
804 1903 923 1970 divorsi
935 1926 1046 1990 regem
1058 1925 1155 1989 quae

199 2011 287 2056 rere:
310 1989 492 2058 dormientis
514 1989 608 2073 alios,
640 1989 719 2056 alios
751 1992 944 2055 occursantis
964 1989 1155 2073 interficere,

201 2079 334 2144 serutari
355 2076 427 2142 looa
453 2075 578 2158 abdita,
611 2075 720 2142 clausa
745 2076 927 2160 effringere,
958 2077 1092 2161 strepitu
1122 2084 1200 2150 et20
1243 2107 1244 2118 κ

200 2162 336 2228 tumultu
350 2164 456 2228 omnia
469 2164 618 2247 miseere;
641 2185 713 2228 oum
726 2163 853 2226 interim
863 2162 1030 2248 Hiempsal
1039 2184 1156 2247 reppe-

200 2250 280 2314 ritur
301 2249 461 2314 oeeultaus
483 2271 554 2314 sese
575 2251 699 2334 tugurio
732 2247 872 2314 mulieris
907 2247 1056 2330 ancillae,
1090 2270 1156 2332 quo

200 2336 288 2399 initio
310 2334 444 2419 pavidus
467 2343 500 2398 et
520 2336 648 2419 ignarus
670 2334 733 2400 loci
761 2334 953 2420 perurgeret„
995 2333 1157 2398 Numidae

201 2429 296 2506 eaput
323 2420 407 2503 eius,
434 2421 481 2485 uti
502 2421 579 2486 iussi
601 2431 705 2503 erant,
728 2420 770 2486 ad
789 2420 977 2506 Iugurtham
1001 2419 1156 2484 referunt„
1243 2481 1244 2500 ,

153 2521 190 2578 {a
264 2505 412 2572 Ceterum
432 2505 519 2572 fama
538 2508 617 2570 tanti
637 2507 784 2572 facinoris
799 2527 857 2593 per
871 2527 997 2572 omnem
1009 2505 1158 2572 Africam
1167 2528 1199 2577 25
1243 2529 1244 2540 ¹

199 2591 290 2658 brevi
304 2590 498 2678 divolgatur:
520 2591 735 2658 Adherbalem
750 2593 924 2678 omnisque,
947 2594 1001 2677 qui
1016 2591 1075 2656 sub
1095 2592 1156 2658 im·

199 2680 288 2766 perio
308 2677 463 2764 Mleipsae
484 2677 623 2762 fuerent,
646 2689 748 2744 metus
769 2678 907 2762 invadit3
930 2680 964 2742 in
978 2678 1057 2742 duas
1078 2699 1156 2762 par·

201 2766 242 2831 tie
264 2764 431 2832 discedunt
444 2764 617 2830 Numidae:
639 2765 746 2852 plures
761 2763 978 2830 Adherbalem
993 2772 1154 2848 secuntur,

176 2851 259 2920 laed
279 2850 371 2917 illum
397 2849 530 2916 alterum
558 2850 643 2916 bello
672 2850 829 2916 meliores.
871 2849 973 2934 Igitur
999 2848 1157 2934 Iugurtha

203 2946 610 3088 quarplimaxulmatsapotest
631 2937 738 3038 eopias
769 2944 897 3088 daphnim,
919 2935 1006 3000 urbis
1020 2938 1198 3086 pprtimao

177 3048 273 3180 edlide
305 3046 466 3199 ihdpxarud
495 3030 1155 3196 pddddlenddlrldlbal‚ulgsldledslmRorhldnh

202 3195 324 3282 legatos
355 3199 498 3279 miserat,
537 3196 591 3281 qui
621 3203 766 3262 senatum
799 3193 949 3259 docerent
980 3191 1020 3256 de
1052 3193 1153 3258 caede

201 3282 307 3346 fratris
340 3291 372 3348 et
403 3283 535 3349 fortunis
568 3281 650 3364 suis,
683 3289 789 3345 tamen
820 3279 920 3344 fretus
951 3278 1154 3342 multitudine

176 3369 336 3439 emilitnm
363 3369 496 3455 parebat
518 3368 612 3432 armis
634 3365 833 3432 contendere.
873 3364 940 3431 Sed
959 3363 1016 3430 ubi
1035 3386 1088 3429 res
1111 3365 1197 3438 adse

203 3463 362 3519 oortemen
382 3457 485 3537 veuit,
514 3454 617 3518 vietus
639 3475 681 3517 ex
701 3451 822 3539 proelio
850 3449 991 3538 profugit
1017 3452 1051 3514 in
1077 3471 1152 3536 pro·

179 3540 340 3607 evineism
360 3561 399 3604 ee
417 3538 531 3604 deiude
545 3537 677 3603 Romam
692 3535 861 3603 contendit
891 3536 975 3602 'Ihm
987 3535 1152 3621 Iugurtha,
