2502 3968
360 261 590 332 weverae
612 265 738 331 18-19
987 269 1027 336 er

59 437 204 508 navibus
218 439 253 502 in
266 436 410 503 Africam
424 440 614 522 transvecti,
634 460 811 541 proxumos
824 447 934 506 nostro
949 441 1030 506 mari

61 524 156 592 locos
172 545 380 611 occupavere.
412 523 480 594 Sed
492 525 610 591 Perseo
631 532 716 591 mtra
730 524 896 592 Oceanum
916 527 1054 612 magias

61 613 162 699 eique
183 611 293 677 alveos
313 612 446 677 navium
466 612 613 678 invorsos
634 633 693 699 pro
714 613 850 698 tuguriis
875 612 1029 696 habuere,

9 759 13 782 ,
61 699 144 786 qnia
174 720 279 786 neque
314 697 450 763 materia
480 698 515 763 in
547 699 632 784 agris
664 719 769 786 neque
803 697 844 763 ab
876 697 1030 785 Hispanis

39 784 198 856 semunu
220 793 274 849 aut
294 783 438 850 mutandi
471 785 564 886 copia
592 793 674 850 erat:
703 806 791 850 mare
819 805 970 872 magnum
1000 792 1054 858 etr
1183 811 1185 832 τ

10 884 14 930 f
62 873 182 958 ignara
201 870 312 956 lingua
333 891 525 936 commercra
545 869 766 957 prohibebant.
799 870 845 937 Hi
865 871 1054 959 paullatim:

4 968 15 1014 ἱ
62 981 125 1046 por
148 957 286 1023 conubia
299 955 454 1022 Gaetulos
477 979 585 1022 secum
603 958 776 1042 miscuere3
799 965 832 1022 et
847 958 921 1044 quia
935 978 1031 1044 saepe

63 1053 259 1132 temptantes
281 1064 375 1194 ξιοε
398 1042 478 1127 alia,
511 1043 629 1110 deinde
654 1043 720 1111 alia
747 1041 820 1110 loca
841 1044 1030 1132 petiverant,

65 1139 171 1196 semet
197 1130 260 1217 ipsi
319 1127 450 1195 omadas
483 1127 697 1216 adpellavere.
749 1127 898 1196 Ceterum
927 1130 1056 1206 adhnce

27 1216 216 1291 reaedificia
245 1215 456 1281 Numidarum
485 1218 674 1303 agrestium,
706 1237 789 1305 queo
817 1216 956 1306 mapalia
984 1215 1032 1281 illi

62 1312 199 1386 vocant,
222 1301 377 1388 oblonga,
400 1303 542 1368 incurvis
562 1302 716 1370 lateribus
737 1311 835 1387 teoto,
864 1304 955 1390 quasi
975 1325 1031 1368 ua·

63 1392 157 1456 vium
179 1390 306 1455 carinae
328 1398 410 1454 sunt.
454 1389 542 1454 Medi
571 1398 677 1455 antem
706 1399 738 1456 et
762 1387 896 1456 Armeni
924 1410 1057 1466 acces-0

64 1499 139 1542 sere
161 1475 282 1541 Libnes
302 1511 347 1525 -
367 1497 442 1540 nam
471 1475 505 1540 hi
530 1477 661 1563 propius
690 1498 778 1544 marc
799 1474 944 1542 Africum
965 1474 1032 1563 egi·

64 1563 196 1645 tabant,
229 1560 359 1628 Gaetuli
391 1561 450 1626 sub
484 1562 552 1627 sole
584 1564 701 1649 magis,
733 1561 820 1628 baud
850 1561 963 1650 procul
991 1559 1032 1628 ab

29 1647 236 1720 temdoribne
256 1685 317 1733 -,
350 1648 380 1714 ei
402 1670 443 1713 ue
469 1656 592 1714 maturo
622 1649 740 1736 oppida
767 1647 926 1734 habuere3
957 1669 1033 1714 nam

64 1737 149 1802 frete
179 1735 274 1801 divisi
302 1733 343 1801 ab
408 1735 530 1821 ‘spania
557 1744 680 1800 mutere
701 1757 754 1800 res
782 1736 867 1801 inter
888 1757 923 1800 se
944 1735 1032 1801 insti·

64 1829 204 1888 inerant.
244 1821 370 1888 Nomen
392 1843 502 1887 eorum
522 1821 688 1908 paullatim
708 1819 829 1888 Libuos
851 1843 1031 1911 corrupere,
1045 1849 1073 1901 ι.

64 1907 207 1975 barbara
227 1907 337 1995 lingua
355 1907 486 1975 Mauros
530 1931 566 1973 ro
587 1907 691 1975 Medis
715 1907 923 1997 adpellantes.
967 1907 1033 1974 Sed
1044 1936 1069 1988 ῃ

65 2019 120 2061 res
157 1995 327 2063 Persarum
366 1992 459 2061 brevi
533 1993 647 2080 olevit3
686 2017 725 2061 ec
760 2003 873 2084 postea
904 1995 1033 2061 nomine

28 2106 58 2156 lo
65 2081 240 2165 Numidae,
263 2089 393 2232 propter
406 2078 640 2148 multitudinem
655 2080 872 2170 aparentibus
887 2081 920 2148 di
959 2082 1033 2166 essi,

89 2167 241 2236 assedere
265 2189 303 2232 ea
337 2190 411 2251 oca,
454 2190 515 2233 uae
536 2191 693 2256 proxuma
708 2168 902 2256 Carthagine
954 2169 1033 2234 umi-

91 2257 124 2320 ‘a
137 2252 325 2343 adpellatur.
358 2252 445 2319 Dein
468 2276 486 2319 e
508 2256 633 2342 utrique
656 2254 763 2320 alteris
785 2253 859 2321 freti
871 2255 1033 2322 finitumos
1044 2287 1073 2338 12

68 2341 167 2406 armis
189 2351 244 2406 aut
264 2349 351 2406 metu
373 2339 433 2406 sub
454 2341 622 2429 imperinm
637 2363 729 2406 suum
745 2363 894 2429 coegere,
916 2364 1033 2408 nomen

68 2427 268 2515 gloriamque
291 2427 353 2492 sibi
374 2425 540 2511 addidero,
563 2428 665 2514 magis
688 2429 734 2512 ei,
758 2429 813 2516 qui
834 2427 876 2494 ad
889 2438 1033 2496 nostrum

32 2532 160 2582 romare
180 2523 415 2601 processerant,
439 2515 514 2601 quia
527 2513 646 2578 Libues
669 2537 764 2604 quam
779 2513 908 2582 Gaetuli
928 2517 1033 2581 minus

68 2600 227 2666 bellicosi.
273 2599 420 2687 Denique
448 2598 578 2665 Africae
609 2622 685 2703 pars
717 2601 850 2669 inferior
880 2602 1033 2690 pleraque

71 2685 113 2752 ab
140 2684 287 2752 Numidis
314 2707 465 2774 possessa
493 2695 557 2751 est:
590 2686 669 2754 vrcti
701 2709 811 2754 omnes
840 2689 874 2754 in
906 2698 1031 2776 gentem

70 2795 189 2924 plplmen
211 2773 485 2926 pirpgpdripmorapitium
497 2794 694 2926 concessphre.
715 2775 833 2926 Posttpa
845 2774 1032 2879 Phoenices,
1046 2789 1079 2845 lt

149 2883 183 2923 m
413 2882 635 2925 om1mmuen
678 2883 695 2926 e
761 2885 825 2927 aa
897 2884 948 2926 ars
975 2885 1032 2925 nn-

34 2968 63 3019 ao
71 2946 143 3034 peri
177 2945 340 3032 cupidine,
381 2945 551 3014 sollicitata
583 2945 678 3035 plebe
712 2885 761 3013 eir
774 2910 845 3012 miii
874 2884 1033 3014 lriovarum

71 3054 179 3098 rerum
202 3032 321 3118 avidis,
342 3031 526 3120 Hipponem
547 3033 779 3100 Hadmmeuem
792 3033 920 3120 Leptim
942 3033 1033 3128 alias·

73 3141 135 3206 que
157 3118 301 3184 urbisin
324 3141 380 3185 ora
401 3121 569 3186 marituma
590 3120 777 3204 condidere,
800 3141 858 3186 eae
880 3143 921 3186 ue
942 3119 1033 3186 brevi

73 3204 207 3270 multum
229 3215 357 3289 auctae,
377 3227 453 3291 pars
477 3207 650 3292 originibus
673 3209 738 3273 suis
759 3207 866 3294 praesi
890 3208 929 3292 'o,
952 3206 1033 3272 aliae

74 3291 182 3357 decori
203 3291 301 3357 fuere.
337 3291 420 3356 Nam
443 3291 482 3356 de
506 3291 697 3380 Carthagine
720 3292 813 3358 silere
828 3292 941 3359 melius
955 3301 1057 3381 putot

37 3396 170 3466 tequam
190 3399 303 3466 parum
325 3377 447 3462 dicere,
457 3381 619 3530 tpponiam
640 3379 702 3445 alio
716 3401 887 3482 properare
908 3390 1033 3467 tempus

438 3486 458 3530 a

74 3473 207 3567 monet..
223 3463 388 3569 Igitnrad
409 3463 437 3532 Ο
512 3465 836 3570 athmon,·qu1·loous
849 3463 1056 3555 Aegyptum

76 3552 115 3617 ab
137 3549 249 3617 Afrrca
270 3549 400 3639 unda,
429 3552 569 3620 secunde
590 3574 671 3620 narr
696 3575 799 3641 prima
821 3552 947 3620 (iurene
974 3563 1031 3640 eet,
