2520 3966
376 275 605 345 moveres
626 277 752 345 40-41
1004 269 1044 346 'll

82 449 214 516 decreta
242 449 451 536 neglegisset,
487 452 603 540 quique
635 451 676 516 ab
706 473 744 517 co
772 451 806 516 in
835 449 1047 518 lectionibus

82 545 140 602 aut
173 537 314 624 imperiis
341 539 493 625 pecunias
524 539 738 627 accepissent,
774 539 828 625 qui
861 473 1046 626 dephantos

82 624 204 710 quique
225 623 376 710 perfugas
399 623 619 710 tradidissent,
649 627 726 690 item
754 627 808 713 qui
831 623 870 690 de
892 647 972 728 paee
994 635 1049 688 aut

81 708 172 774 bello
195 731 266 774 oum
288 709 432 775 hostibus
454 713 617 799 pactiones
639 712 798 777 fecissent.
843 711 928 776 Hauc
956 732 992 775 ro
1016 727 1071 780 at

57 797 165 868 5tioni
175 798 308 947 ufartim
337 799 455 862 conscii
484 798 561 882 sibi,
596 797 651 863 alii
684 821 726 863 ex
758 799 895 886 partium
928 797 995 861 invi
1024 797 1049 860 'a

82 883 174 968 peric
209 905 228 946 a
260 893 450 970 metuentes,
486 886 634 972 quoniam
664 894 772 972 aperte
805 885 954 950 resistere
985 905 1047 947 uon

83 977 248 1055 poterant,
273 971 349 1056 quin
370 969 426 1035 illa
449 980 481 1037 et
503 971 566 1036 alia
586 972 663 1038 talia
681 972 808 1059 placere
832 971 894 1037 sibi
915 969 1049 1036 fateren-

84 1065 154 1140 tur,
188 1055 310 1121 occulte
337 1080 396 1144 per
423 1059 541 1124 amicos
571 1081 609 1123 ac
638 1081 787 1124 maxume
814 1080 875 1161 per
906 1058 1050 1122 homines

84 1143 223 1207 nominis
245 1141 351 1207 Latini
381 1154 412 1210 et
439 1146 542 1210 socios
564 1143 692 1211 Italicos
715 1144 931 1233 inpedrmenta
959 1165 1050 1231 para-

44 1228 173 1307 10bant.
225 1227 290 1294 sed
319 1229 430 1317 plebes
459 1232 647 1297 incredibile
676 1241 853 1298 memoratu
882 1240 931 1296 est
957 1246 1077 1316 quam!

84 1317 209 1380 intenta
237 1317 331 1380 tuerit
362 1327 542 1407 quantaque
568 1319 603 1383 vi
624 1320 821 1406 rogationem
849 1315 1051 1406 iusseritde-

86 1403 226 1470 creverit
253 1402 406 1488 voluerit,
445 1407 548 1492 magis
578 1405 650 1471 odio
680 1405 853 1471 nobilitatis
888 1405 939 1469 cui
968 1401 1062 1467 mala.

84 1489 143 1554 illa
164 1488 367 1577 parabantur,
390 1514 486 1579 quam
501 1515 577 1557 eura
591 1494 638 1557 rei
653 1493 817 1581 publicae:
840 1500 929 1558 tanta
943 1487 1052 1555 lubido

85 1577 121 1640 in
142 1576 287 1664 partibus
311 1588 386 1644 erat
419 1578 522 1665 Igitur
538 1581 650 1644 ceteris
673 1587 760 1645 metu
781 1578 947 1666 perculsis,
969 1575 1079 1642 Mar-⁴

45 1685 75 1738 15
87 1685 145 1728 cus
179 1663 332 1749 Scaurus,
366 1688 461 1753 quem
494 1666 633 1752 legatum
665 1665 794 1732 Bestiae
827 1666 925 1730 fuisse
959 1685 1054 1750 supra

13 1793 14 1798 κ
86 1749 268 1835 docuimus,
302 1751 385 1816 inter
415 1752 567 1817 laetitiam
595 1752 700 1840 plebis
731 1762 763 1818 et
785 1775 914 1818 suorum
935 1749 1053 1835 fugam,

86 1837 214 1924 trepida
235 1839 398 1903 etiamtum
421 1840 565 1922 civitate,
589 1861 662 1904 cum
682 1862 724 1904 cx
745 1837 868 1904 Mamili
890 1837 1054 1922 rogatione

87 1934 153 1989 tres
177 1926 372 2011 quaesitores
394 1935 596 2012 rogarentur,
621 1927 785 2009 effecerat,
808 1933 843 1988 ut
865 1925 934 2010 ipse
961 1923 995 1987 in
1017 1943 1054 1987 eo

12 2019 13 2078 l
87 2033 221 2076 numero
245 2020 414 2078 crearetur.
445 2011 510 2077 Sed
532 2015 675 2101 quaestio
692 2011 833 2076 exercita
854 2030 967 2097 aspere
988 2009 1079 2074 vio-t

46 2097 254 2184 2olenterque
283 2121 324 2163 ex
350 2121 476 2164 rumore
511 2108 543 2164 et
568 2098 710 2165 lubidine
733 2097 859 2250 globis5
892 2105 928 2160 ut
960 2116 1055 2245 anese

88 2183 304 2269 nobilitatem,
335 2187 382 2250 sic
411 2208 449 2250 oa
470 2195 658 2273 tempestate
679 2186 733 2274 ple
758 2207 807 2250 em
836 2205 878 2248 ex
908 2203 1005 2248 secun
1029 2181 1055 2244 is

88 2271 186 2337 rebus
209 2271 379 2339 insolentia
402 2281 539 2360 ceperat.

155 2357 305 2423 Oetemm
326 2381 395 2424 mos
409 2359 548 2448 partium
563 2381 603 2446 po
626 2357 764 2424 uarium
779 2366 811 2424 et
825 2357 928 2422 senati
948 2354 1056 2420 factio·
1066 2367 1103 2425 41

89 2469 176 2528 num,
201 2467 238 2509 ac
261 2445 377 2511 deinde
400 2446 541 2513 omnium
555 2383 712 2512 malarum
727 2446 842 2511 artium
857 2444 967 2532 paucis
984 2451 1057 2507 ante

49 2553 79 2602 25
91 2533 183 2597 annis
205 2532 326 2596 Romae
349 2542 435 2598 ortus
459 2540 523 2618 est,
548 2534 611 2598 otio
628 2543 723 2620 atque
739 2530 934 2597 abrmdantia
949 2551 1058 2594 earum

90 2641 214 2702 rerum,
254 2641 336 2706 quoe
372 2621 475 2706 prima
507 2618 658 2686 mortales
692 2619 821 2686 ducunt.
869 2618 952 2683 Nam
985 2625 1084 2682 antet

92 2705 319 2792 Oartlraginem
349 2705 487 2772 deletam
515 2707 651 2795 populus
682 2716 714 2772 et
743 2713 871 2772 senatus
897 2703 1058 2768 Romanus

90 2792 218 2880 placide
240 2793 446 2880 modesteque
461 2795 545 2859 inter
560 2818 595 2860 se
610 2792 856 2880 rempublicam
870 2787 1058 2870 uocabant,

91 2903 196 2966 neque
230 2880 351 2965 gloriae
385 2903 489 2967 neque
527 2880 750 2945 dominationis
785 2889 946 2944 certamen
977 2877 1060 2939 iuter

51 2967 174 3040 eocivis
198 2976 281 3030 erat:
304 2974 407 3031 metus
429 2965 553 3031 hostilis
575 2968 609 3032 in
631 2965 724 3031 bonis
748 2965 868 3030 artibus
899 2963 1059 3028 civitatem

92 3051 260 3118 retinebat.
306 3051 372 3117 Sed
393 3051 448 3117 ubi
468 3054 526 3120 illa
555 3052 691 3118 formido
721 3049 882 3118 mentibus
912 3047 1085 3130 decessitt

94 3139 216 3205 seilicet
239 3162 293 3223 ea,
318 3161 399 3226 quae
421 3161 473 3203 res
496 3139 655 3203 secundae
671 3148 788 3222 amant,
809 3135 945 3203 lascivia
967 3143 1060 3219 atque

95 3226 243 3314 superbia
264 3231 435 3292 incessere.
475 3225 534 3308 Ita,
558 3225 643 3313 quod
664 3227 699 3291 in
721 3224 865 3290 advorsis
887 3221 983 3288 rebus
1007 3240 1087 3306 olo-l

95 3314 363 3397 taverunt'otium,
387 3321 558 3400 postquam
580 3311 689 3397 adepti
705 3321 787 3394 sunt,
811 3309 954 3398 asperius
975 3328 1061 3371 acer·

54 3400 167 3470 sobius
190 3421 230 3464 uc
259 3399 335 3484 fuit5
364 3421 502 3486 namque
529 3420 586 3464 coe
611 3421 664 3463 ere
686 3397 837 3464 nobilitas
865 3395 1086 3480 dignitatem,5

94 3422 233 3576 popdus
254 3484 434 3552 libertatem
456 3487 490 3550 in
513 3423 689 3551 lubidinem
715 3494 858 3565 vortere,
887 3481 949 3547 sibi
978 3479 1062 3632 {uis-

97 3595 158 3662 que
197 3571 314 3639 duoere
354 3573 480 3638 trahere
518 3595 649 3660 rapere:
693 3573 738 3638 ita
771 3571 878 3638 omnia
914 3569 948 3633 in
1004 3588 1063 3633 uas
