2520 3966
200 321 265 397 lid
540 321 768 392 IVGVRTHA
789 321 917 390 94-95

198 497 326 586 saepius
348 495 460 563 eadem
482 497 656 564 escandens
684 496 953 587 descendensque,
985 496 1060 564 dein
1088 506 1162 565 stu·v
1207 510 1210 516 '

173 583 256 650 &tim
278 579 468 672 digrediens,
492 585 605 649 ceteris
627 583 792 648 audaciam
812 583 939 652 addere.
972 584 1074 670 Igitur
1095 584 1156 652 diu
1205 611 1209 617 ·

198 670 395 758 multumque
415 669 538 756 fatigati
558 670 687 734 tandem
707 670 742 734 in
763 670 929 738 castellum
947 671 1155 759 perveniunt,

198 755 359 822 desertum
379 755 420 820 ab
443 776 483 820 ea
502 766 602 843 parte,
645 755 710 822 uod
732 778 851 840 omncs,
874 759 968 844 sicuti
989 755 1059 821 aliis
1083 755 1154 822 die·

198 843 266 928 bus,
290 843 460 909 advorsum
481 841 580 907 hostis
601 779 742 907 aderant
785 841 905 909 Marius
927 842 984 910 ubi
1005 865 1047 907 ex
1067 863 1179 914 nun-s

197 930 249 994 tiis
283 950 364 1017 quae
389 927 489 1014 Ligus
523 938 632 1015 egerat
662 929 826 1014 cognovit,
861 951 1052 1017 quamquam
1082 937 1151 995 toto

197 1015 249 1080 die
270 1016 408 1080 intentos
436 1013 558 1117 proelio
587 1015 741 1080 Numidas
770 1013 942 1102 habuerat,
973 1025 1040 1081 tum
1067 1036 1151 1080 vero

197 1100 376 1167 cohortatus
406 1099 523 1165 milites
553 1109 585 1166 et
617 1101 686 1186 ipse
723 1109 815 1164 extra
846 1102 957 1168 vineas
998 1123 1150 1188 egressus

197 1187 356 1253 testudine
378 1196 449 1252 acta
471 1185 642 1253 succedere
665 1193 697 1252 et
719 1187 813 1250 simul
834 1187 958 1254 hostem
979 1187 1150 1253 tormentis

172 1274 429 1361 ⁴sagittariisquc
445 1280 477 1337 et
498 1270 709 1338 funditoribus
731 1273 855 1339 eminus
876 1284 1005 1340 terrere.
1027 1270 1073 1338 At
1086 1278 1194 1350 ltu-10

195 1361 300 1425 midae
316 1380 412 1446 saepe
426 1367 520 1424 antea
533 1359 636 1424 vincis
650 1357 865 1424 Romanorum
880 1358 1053 1443 subversis,
1067 1359 1150 1424 item

195 1446 343 1530 incensis,
365 1466 430 1510 uon
452 1444 575 1510 castelli
595 1443 761 1510 moenibus
784 1466 855 1510 sese
869 1445 1065 1528 tutabantur3
1088 1445 1150 1510 sed

194 1553 252 1618 pro
266 1552 356 1596 muro
372 1530 440 1595 dies
455 1531 556 1596 noctis
579 1553 619 1596 uc
631 1531 760 1616 agitare,
776 1529 978 1597 maledicere
992 1531 1149 1597 Romanis

194 1639 232 1682 ac
239 1616 341 1682 Mario
356 1616 538 1682 vecordiam
554 1639 572 1682 o
596 1618 723 1700 lecture,
737 1616 891 1683 militibus
905 1618 1021 1684 uostris
1032 1615 1148 1704 Iugur-

169 1703 266 1769 ⁶thae
283 1702 445 1769 servitium
474 1702 605 1769 minari:
629 1702 776 1768 secundis
798 1702 895 1770 rebus
916 1703 1039 1769 feroces
1063 1723 1192 1776 essars

192 1790 323 1856 Interim
338 1790 483 1855 omuibus
497 1789 658 1872 [Romanis
672 1789 890 1892 hostibusque]
905 1788 1027 1877 proelio
1041 1787 1148 1856 inteu-

191 1878 243 1962 tis,
272 1897 390 1963 magua
420 1877 579 1964 utrimque
605 1876 641 1941 vi
666 1897 725 1962 pro
754 1875 858 1963 glana
885 1886 980 1964 atque
1009 1875 1148 1963 imperio

191 1963 258 2048 his,
279 1963 345 2028 illis
373 1985 432 2051 pro
462 1961 563 2028 salute
597 1960 808 2046 certantibus,
840 1971 973 2050 repente
1004 1984 1025 2027 a
1053 1972 1148 2048 tergo

192 2050 284 2137 sigua
298 2071 430 2135 cancre3
452 2071 492 2115 ac
504 2049 607 2138 primo
621 2047 770 2114 mulieres
786 2057 820 2114 et
837 2049 939 2151 queri,
963 2048 1017 2136 qui
1037 2048 1147 2114 visum

190 2144 420 2225 processerant,
442 2135 569 2222 lugere,
592 2132 707 2200 deinde
735 2135 782 2200 uti
803 2156 937 2236 qumque
957 2155 1048 2200 muro
1070 2155 1188 2222 pro-20

189 2244 305 2288 xumus
335 2231 417 2306 erat,
442 2230 605 2326 pestremo
638 2221 759 2304 cuncti,
789 2231 903 2298 manati
930 2220 1145 2372 inermesque.

165 2308 362 2389 tQuodubi
384 2307 508 2393 accsdst,
531 2328 569 2374 ec
591 2307 695 2373 acrius
713 2307 848 2372 Romani
869 2308 988 2374 instare
1008 2305 1065 2372 iun
1088 2328 1146 2373 ero

190 2416 229 2460 ac
248 2392 418 2482 plerosque
438 2392 656 2460 tantummodo
686 2393 846 2477 sauciare,
875 2392 951 2459 dein
972 2415 1070 2481 super
1090 2416 1144 2460 oc·

192 2481 330 2547 cicorum
364 2499 498 2567 corpora
528 2478 664 2564 vadere,
704 2479 791 2546 avidi
828 2478 951 2567 glorias
984 2487 1145 2546 certantes
1235 2467 1236 2507 l

189 2589 314 2632 murum
342 2575 468 2654 petere,
497 2587 602 2653 neque
635 2588 826 2655 quemquam
855 2565 996 2634 omnium
1021 2565 1186 2716 qraedazs
1234 2559 1235 2613 l

165 2653 315 2719 tmorari.
359 2650 414 2718 Sic
434 2652 516 2719 forta
538 2662 682 2719 correcto
700 2651 784 2718 Mari
805 2653 983 2736 temeritas,
1004 2652 1143 2738 goriam
1233 2649 1234 2721 l

189 2761 232 2804 ex
253 2738 348 2827 culpa
368 2739 500 2806 invenit
1232 2753 1233 2827 t

135 2839 177 2896 ⁹5
253 2823 402 2891 Octemm
439 2823 516 2892 dum
555 2847 596 2893 ea
629 2846 682 2892 res
717 2825 858 2913 geritur,
893 2823 1012 2890 Lucius
1049 2821 1143 2890 Sulla
1231 2849 1232 2933 q

189 2921 337 3000 quaestor
357 2933 430 2978 cum
451 2933 568 2999 magno
589 2911 731 3000 equitatu
758 2910 793 2977 iu
814 2909 1037 2994 cubaverit,
1059 2931 1142 2998 quos

187 2997 234 3064 uti
272 3018 314 3064 ex
344 2997 438 3064 Latio
479 3008 513 3064 et
539 3017 561 3064 a
591 2998 687 3064 scolis
716 3004 860 3084 cogeret,
893 2995 1014 3062 Romae
1046 2993 1184 3072 relic-ao

186 3091 238 3150 tus
260 3092 337 3150 erat.

162 3187 177 3238 2
250 3164 316 3235 Sed
338 3170 487 3259 quoniam
507 3191 567 3235 nos
588 3171 667 3237 tanti
694 3169 758 3238 viri
784 3191 837 3238 res
863 3167 1041 3253 admonuit,
1070 3168 1140 3236 ido·
1226 3221 1227 3228 κ

186 3276 282 3322 usum
309 3255 414 3322 visum
437 3263 500 3340 est,
527 3254 568 3322 de
600 3264 714 3323 natura
746 3255 833 3323 cultu
854 3278 896 3322 ue
926 3256 994 3324 eius
1049 3256 1139 3322 aucis

185 3339 310 3427 dicem
331 3361 436 3493 neque
450 3343 536 3410 enim
550 3338 614 3408 alio
636 3341 707 3408 loco
730 3342 809 3410 deS
856 3363 895 3408 aa
909 3341 1006 3408 rebus
1045 3341 1139 3408 ‘cturi

186 3447 306 3511 snmus,
328 3434 362 3495 st
403 3429 495 3494 ucius
511 3426 627 3495 Sisenu
679 3436 808 3516 optume
829 3437 862 3493 et
883 3428 1138 3515 diligentissume
1146 3447 1178 3499 ts

185 3511 344 3596 omnium,
371 3511 426 3600 qui
458 3535 512 3578 sas
547 3533 600 3578 sss
659 3513 666 3530 '
693 3534 761 3598 ere,
790 3523 976 3602 persecutus
1023 3535 1137 3601 parum

159 3595 265 3672 anns
285 3595 388 3664 ussa
409 3617 465 3664 oa
485 3597 610 3665 nsum
623 3597 760 3666 essm.
802 3598 906 3686 lgitm
919 3561 1011 3668 sul·
1030 3600 1137 3687 gens·
