2520 3966
180 193 243 271 tte
492 195 657 270 ORATIO
677 195 818 268 neom

176 381 224 444 ris
245 379 332 445 enim
363 399 488 442 animus
520 386 572 443 est
591 377 633 442 ed
665 400 721 460 ee,
744 398 827 464 quse
853 375 990 462 pluoent⁷
1024 373 1135 440 defen·

152 464 306 536 edundnz
328 465 427 530 ceteri
451 463 643 530 vulidiornm
669 471 752 526 sunt
795 462 850 526 An
877 459 1011 526 dubium
1035 459 1137 526 imbe-

175 553 228 634 tis,
248 573 328 653 num
348 550 486 615 ebfioere
501 549 580 652 quid
599 549 693 614 vobis
714 571 779 652 uno
800 549 910 649 animo
925 545 1136 648 pergentibus

175 631 1159 806 mtsrturuuuuuullu

176 832 272 896 quem
292 819 380 874 metu
400 811 471 872 iure
492 808 648 896 qunedum
674 807 812 872 munais
839 805 946 893 plebei
971 807 1134 889 restituit3

176 906 217 978 et,
240 917 433 982 quamquam
454 894 575 960 Lucius
596 893 738 959 Sicinius
763 895 887 981 primus
914 892 955 957 de
975 899 1135 978 potestate

175 981 345 1046 tribunicia
365 980 453 1068 loqui
474 1003 572 1046 ausus
589 979 807 1046 mussanfflms
820 978 915 1045 vobis
936 979 1135 1042 circumven-

175 1078 227 1132 tus
249 1077 326 1150 eret,
348 1076 456 1132 tamen
486 1069 576 1154 prius
596 1067 645 1131 illi
676 1066 832 1132 invidiam
859 1073 1012 1147 metuere,
1035 1086 1134 1151 quum

150 1176 234 1229 oros
254 1155 390 1219 iniuriae
410 1163 594 1240 pertaesum
615 1163 674 1218 est.
729 1151 825 1232 Quod
846 1174 906 1238 ego
932 1171 1058 1238 nequeo
1081 1172 1175 1223 ee-1o

175 1241 217 1304 fis
238 1241 357 1324 mirari,
380 1238 544 1324 Quirites3
565 1263 640 1304 nem
662 1263 754 1327 spem
778 1237 897 1302 frustra
917 1236 1017 1302 fuisse
1038 1235 1132 1300 intel·

136 1326 309 1390 telexistie.
363 1324 454 1390 Sulla
484 1336 626 1409 mortuo,
677 1327 712 1390 ui
745 1324 916 1390 eoelestum
946 1324 1135 1409 inposuerat

175 1414 354 1494 servitium,
376 1411 474 1477 finem
505 1413 581 1477 muli
691 1411 815 1477 ebatis:
847 1419 934 1475 ortus
967 1417 1016 1474 eet
1037 1408 1135 1474 lone

176 1499 303 1564 saevior
324 1496 467 1563 Catullus.
504 1498 673 1565 Tumultus
693 1498 875 1564 intercessit
895 1495 996 1561 Bruto
1018 1502 1050 1562 et
1063 1431 1135 1559 Ml

175 1606 281 1650 meroe
314 1583 518 1668 consulibus3
552 1584 627 1651 dein
651 1583 764 1650 'Gaius
797 1582 894 1649 Curio
926 1581 969 1646 ed
1000 1581 1134 1648 exitium
1147 1600 1177 1651 ts

138 1683 277 1758 ltneque
297 1671 432 1736 insontis
453 1669 574 1736 tribuni
605 1671 786 1737 dominatus
813 1678 883 1752 eet5
904 1667 1058 1732 Lucullus
1082 1689 1134 1732 eu-

175 1760 300 1844 pen'ore
322 1779 407 1822 anne
429 1759 556 1845 quantis
583 1758 697 1822 animis
723 1757 796 1822 ierit
820 1757 856 1819 in
875 1754 1011 1821 Lucium
1033 1752 1136 1832 Quin-

176 1844 265 1928 tium,
287 1843 433 1926 vidistis,
464 1853 602 1931 quantae
634 1843 772 1931 denique
803 1863 891 1907 nuno
921 1839 1001 1904 mihi
1020 1838 1136 1905 turbee

177 1932 394 1996 concitentur!
417 1928 511 2008 Quae
531 1928 674 2017 profecto
695 1931 729 1993 in
751 1940 879 1994 bessum
937 1925 1082 2009 ebenum,
1107 1925 1135 1990 si

176 2017 264 2166 prius
286 2039 382 2105 quem
403 2038 461 2082 vos
495 2016 659 2083 serviundi
690 2015 797 2097 finem,
829 2013 878 2078 illi
894 1949 1178 2085 dominationum

190 2105 292 2168 eeturi
313 2110 424 2170 erent:
456 2104 646 2190 praesertim
677 2124 751 2168 oum
782 2101 832 2165 his
865 2096 1012 2164 civilibus
1035 2097 1133 2163 ermis

177 2188 263 2255 dicte
283 2188 361 2272 elie,
395 2187 454 2255 sed
485 2198 641 2254 certatum
673 2189 833 2275 utrimque
855 2185 896 2252 de
918 2184 1134 2252 dominatione

152 2275 210 2340 tin
231 2274 323 2341 vobis
347 2275 397 2339 sit
429 2273 544 2362 Itaque
566 2283 674 2340 cetera
695 2297 737 2341 ex
757 2273 887 2340 lieentia
908 2281 964 2336 eut
984 2271 1056 2337 odio
1079 2280 1136 2335 eut

177 2362 311 2426 avaritia
331 2362 365 2425 in
386 2370 512 2448 tempus
535 2384 658 2430 msere:
680 2361 855 2447 permansit
868 2381 935 2424 une
953 2379 1006 2423 res
1028 2356 1134 2439 modo,

176 2447 438 2598 liuilni-⁰3³⁶
450 2446 1134 2598 tffltmtttttffittrtdttt'r
1143 2459 1177 2512 ²⁵

138 2617 272 2699 anuod
292 2640 352 2706 ego
373 2555 432 2686 vla
454 2642 567 2686 moneo
597 2641 781 2708 quaesoque
802 2625 838 2681 ut
860 2553 1133 2700 animadvortatis,

176 2728 240 2772 neu
260 2706 390 2773 nomine
402 2727 510 2772 rerum
532 2705 574 2771 sd
594 2704 757 2792 ignaviam
771 2712 931 2770 mutantes
954 2703 1053 2769 otium
1073 2722 1134 2787 pro

178 2791 306 2859 servitio
338 2791 516 2880 adpelletis.
570 2791 729 2871 Quoiam
759 2791 830 2879 ipso
851 2789 927 2872 frui,
952 2789 979 2852 si
1000 2809 1080 2854 veru
1101 2795 1134 2854 et

176 2877 311 2946 honesta
341 2877 498 2965 flagitium
530 2879 747 2966 superaverit,
781 2898 846 2943 non
881 2884 930 2942 est
966 2873 1173 2948 eondieiotu

176 2963 297 3048 diisset,
321 2965 349 3028 ei
370 2966 497 3031 omnino
518 2965 696 3066 quiessetis.
739 2961 834 3027 Nune
856 2963 998 3026 animum
1020 2959 1134 3025 advor-

176 3059 245 3116 tere
266 3061 313 3134 et,
334 3051 397 3116 nisi
417 3050 574 3133 vioeritn,
629 3051 759 3118 uoniam
790 3051 893 3114 omnis
914 3047 1032 3112 iniuria
1060 3067 1134 3133 gru-

177 3137 276 3203 vitete
297 3139 394 3205 tutior
415 3145 474 3219 eet,
498 3135 599 3201 artius
644 3134 795 3203 ebebunt.

137 3238 169 3292 1⁴
242 3220 328 3302 Quid
349 3243 461 3289 censes
482 3221 607 3309 igitur?
640 3223 754 3310 aliquus
786 3229 930 3288 vostrum
952 3217 1135 3286 subiecerit,

177 3307 321 3374 Primum
354 3310 496 3375 onmium
532 3307 742 3374 smitttmdum
770 3330 892 3374 morem
919 3305 1006 3370 huno
1039 3325 1177 3393 quemst

179 3395 283 3480 agitis,
304 3395 449 3482 inpigrae
470 3393 609 3481 linguae,
625 3394 723 3458 animi
742 3394 861 3482 ignavi,
876 3415 941 3460 non
955 3390 1040 3456 ultre
1060 3413 1137 3457 con·

139 3497 170 3550 ιι
179 3479 274 3546 tionis
295 3479 403 3545 looum
423 3500 581 3546 memores
602 3477 772 3546 ubertatis.
814 3478 999 3546 Deinde-
1019 3499 1136 3547 nevos
