2520 3966
397 203 624 276 wovnrun
645 204 771 275 oo-ot
1018 203 1064 273 U

105 379 195 470 pecie
217 403 290 468 spes
312 378 452 468 inpellit,
473 380 521 446 uti
542 381 675 448 Romam
703 379 745 446 ed
772 402 845 448 snos
866 380 1062 447 necessarios

104 489 219 554 aspere
247 471 282 532 iu
302 466 468 534 Metellum
489 465 636 532 debello
659 465 813 550 scribant,
842 465 978 531 Marium
1006 469 1062 532 im·

105 562 285 640 peratorem
305 561 445 640 poscent.
490 551 545 617 Sic
565 551 614 618 illi
635 576 655 617 a
675 553 782 618 multis
804 551 987 618 mortalibus
1009 552 1087 622 hot

58 689 59 695 κ
105 640 298 706 nestissume
319 639 396 704 suffi·
436 639 542 705 atione
564 638 744 704 consulatus
789 637 948 722 etebetur3
970 637 1064 702 simul

77 745 147 795 sea
180 733 367 812 tempestate
398 724 530 811 pebes,
567 724 732 790 nobilitate
815 748 834 791 e
864 746 923 811 per
960 724 1064 810 legem

105 811 297 962 quiliem,
319 833 419 879 novos
441 807 619 878 extollebat.
662 810 712 877 Ito
732 810 832 877 Muio
855 818 968 876 cuncta
993 832 1063 896 pro-

106 919 145 962 ce
168 919 233 964 ere.
1238 964 1241 976 ,

192 983 324 1050 Interim
352 983 520 1071 Iugurtha,
556 992 723 1072 postquem
755 985 872 1050 omissa
904 984 1064 1052 deditione
1072 1005 1113 1062 qs
1236 1002 1250 1052 t.

107 1067 228 1134 bellum
249 1072 369 1157 incipit,
392 1093 465 1136 cum
485 1092 600 1156 magne
621 1091 697 1134 cura
710 1091 822 1155 perere
842 1072 956 1154 omnia,
978 1069 1063 1135 festi·
1236 1073 1252 1135 ’ἑῖ

62 1177 200 1238 sonere,
222 1177 336 1242 cogere
359 1157 551 1240 exercitum
580 1157 734 1239 civitatis,
765 1179 844 1246 quae
877 1156 918 1221 sb
947 1178 982 1221 se
1011 1155 1063 1222 de-

106 1241 264 1324 fecerant,
287 1242 454 1308 formidine
474 1249 528 1307 eut
542 1241 728 1308 ostentando
765 1244 883 1307 reemia
897 1241 1063 1325 adfectare,

106 1329 303 1394 communire
326 1351 399 1394 suos
415 1328 512 1411 locos,
534 1350 623 1394 erma
637 1327 710 1411 telo,
766 1330 796 1394 ‘s
810 1351 890 1415 ques
905 1349 962 1414 spe
976 1328 1064 1414 pecie

106 1413 273 1496 emiserat,
301 1413 433 1480 reficere
453 1423 508 1480 aut
537 1415 758 1497 commercari3
792 1415 925 1479 servitia
953 1413 1065 1480 Roma·

106 1519 222 1566 norum
242 1499 395 1584 edlioere,
419 1508 452 1566 et
473 1523 528 1567 eos
549 1502 645 1587 ipsos,
687 1501 722 1564 ui
736 1501 771 1565 in
783 1499 950 1586 praesidiis
967 1513 1064 1582 erunt,

65 1605 97 1656 ¹5
107 1586 244 1670 pecunie
264 1595 436 1672 temptores
458 1607 587 1672 prorsus
608 1523 689 1651 nihil
708 1587 861 1652 intectum
881 1607 985 1673 neque
999 1585 1065 1672 qui-

109 1680 196 1736 etum
223 1673 305 1756 pati,
340 1681 453 1738 cuncte
479 1674 609 1758 agitare.
657 1671 759 1758 Igitur
790 1673 970 1757 Vagenses,
1005 1678 1090 1757 quot

1 1769 2 1786 ¹
107 1754 257 1822 Metellus
279 1759 386 1841 initio,
409 1757 561 1843 Iugurtha
580 1757 784 1844 pacificante,
805 1756 999 1844 praesidium
1019 1757 1060 1821 in·

108 1851 273 1928 posuerat,
297 1843 419 1928 fatigati
440 1845 525 1928 regis
548 1842 711 1944 suppliciis
725 1865 828 1931 neque
843 1850 936 1908 untes
956 1840 1065 1908 volun-

108 1936 174 1992 tate
196 1926 339 2012 alienati,
365 1929 526 2015 principes
548 1929 686 1995 cintetis
714 1930 799 1994 inter
827 1950 863 1994 se
885 1929 1065 2012 coniurent5

64 2033 184 2088 sonum
204 2013 333 2100 volgus,
355 2015 403 2080 uti
423 2014 609 2101 plerumque
631 2015 721 2100 solet,
743 2023 776 2080 et
796 2036 944 2080 menime
958 2013 1065 2078 Numi-

111 2099 237 2182 darum,
260 2101 387 2187 ingenio
409 2100 536 2184 mobili,
566 2099 752 2168 seditiosum
777 2110 871 2189 etque
894 2099 1066 2167 discordio-

111 2191 181 2256 sum
203 2195 285 2270 erut,
318 2185 467 2273 cupidum
488 2209 641 2252 novarum
661 2208 783 2271 rerum,
816 2186 915 2274 quieti
944 2194 976 2252 et
1002 2187 1066 2253 otio

111 2271 290 2339 advorsum.
326 2272 429 2356 Dein,
451 2274 623 2359 conpositis
644 2274 728 2338 inter
750 2295 784 2338 se
806 2271 911 2357 robus,
934 2274 969 2338 in
982 2271 1067 2337 diem

112 2360 240 2424 tertium
262 2360 469 2442 constituunt,
493 2357 577 2446 quod
596 2359 625 2422 is
640 2359 739 2424 festus
755 2357 995 2448 celebratusque
1009 2379 1067 2445 per

69 2459 238 2512 ttomnem
271 2444 413 2509 Africam
445 2443 554 2510 ludum
581 2454 613 2510 et
645 2445 809 2510 lasciviam
840 2468 873 2510 m
916 2446 941 2510 's
974 2467 1067 2533 quum

111 2527 311 2596 formidinem
332 2530 519 2596 ostentabat.
563 2531 628 2597 Sed
655 2531 711 2596 ubi
737 2541 863 2617 tempus
874 2467 966 2614 affiit,
996 2544 1091 2596 oen-³

112 2615 245 2680 tun'onis
273 2613 479 2704 tribunosque
505 2617 650 2682 militaris
680 2625 713 2682 et
741 2623 846 2703 ipsum
895 2616 1068 2682 raefeotum

112 2700 238 2786 oppidi,
259 2701 366 2766 Titum
380 2701 558 2788 Turpilium
571 2703 712 2768 Silanum
720 2752 729 2787 ,
752 2703 832 2769 elius
890 2723 945 2768 um
959 2701 1068 2768 domos

113 2807 186 2854 suos
212 2788 363 2870 invitent,
397 2811 451 2854 eos
484 2791 585 2854 omnis
618 2799 744 2875 praeter
776 2788 955 2876 'liupilium
986 2789 1064 2852 inter

68 2871 223 2957 scopulus
245 2873 449 2958 obtumesnt,
494 2883 583 2942 ostes
603 2870 720 2940 milites
750 2874 901 2961 palantis,
930 2874 1067 2938 inermos

111 2960 293 3046 -quippe
322 2960 356 3024 in
383 2959 440 3024 teli
489 2962 518 3026 ‘o
545 2997 586 3008 -
613 2982 651 3025 ec
678 2962 746 3025 sine
775 2962 925 3046 imperio,
958 2959 1068 3044 adgre-

111 3040 250 3110 diuntur.
280 3044 370 3110 idem
390 3045 501 3132 plebes
523 3045 608 3131 facit,
629 3069 703 3132 pers
719 3045 823 3111 edocti
838 3045 878 3110 eb
892 3043 1093 3128 nobilitates

1 3129 2 3194 l
111 3127 167 3196 elii
189 3130 292 3197 studio
314 3131 426 3198 ulium
446 3155 552 3198 rerum
565 3133 697 3216 incitati,
720 3133 789 3219 quis
805 3141 876 3196 aeta
890 3129 1069 3196 consiliun-

112 3237 174 3302 que
194 3218 413 3302 ignorantibus
443 3218 594 3284 tumultus
623 3220 693 3306 ipse
723 3227 754 3282 et
783 3238 834 3282 res
862 3239 965 3283 novae
992 3216 1068 3280 setis

1 3335 2 3344 κ
68 3301 290 3405 ”placebant
333 3303 468 3370 Romani
488 3303 620 3389 milites,
650 3303 811 3390 inproviso
840 3312 928 3368 metu
956 3303 1114 3373 incertiot

1 3393 2 3422 ¹
111 3409 293 3477 lgnunque,
336 3390 393 3454 uid
409 3391 620 3541 potissumum
641 3389 782 3454 facerent
803 3388 978 3477 trepidare:
1007 3387 1068 3470 [ed]

67 3549 69 3558 Α
110 3492 219 3540 mecm
240 3475 316 3562 oppi
339 3477 366 3560 ⁰,
388 3497 411 3540 n
431 3477 444 3540 i
466 3477 557 3562 signs
579 3485 610 3541 et
632 3486 722 3542 sonte
743 3485 849 3560 orem,
876 3473 1069 3562 praesidium
