2502 3968
1066 299 1118 349 v11

90 468 196 567 sequi
223 468 413 544 debebam.
441 466 615 544 (letarum
642 479 726 567 post
752 470 843 542 hanc
873 493 1009 543 novam
1028 495 1115 544 con·

90 589 266 663 lationem
301 589 428 688 negari
454 590 581 688 nequit
608 616 682 664 non
709 588 760 662 ita
794 614 879 662 eum
904 587 1038 685 valere,
1074 600 1116 662 ut

91 708 222 783 ceteris
236 709 406 784 omnibus
420 709 597 807 neglectis
613 708 712 782 solus
727 709 859 806 respici
874 708 1016 805 debeat,
1032 733 1116 782 curn

90 831 304 928 praesertim
345 832 543 904 verborum
585 829 788 904 conlocatio
828 854 937 926 saepe
973 854 1016 902 ea
1056 829 1112 924 sit,

91 949 241 1048 qualem
267 951 315 1022 ab
342 949 422 1048 ipso
441 948 615 1024 Sallustio
638 948 838 1047 profectam
858 973 936 1022 esse
954 947 1019 1022 vix
1039 973 1115 1042 cre·

91 1071 170 1144 das.
201 1065 301 1144 Hinc
325 1069 439 1168 igitur
474 1095 560 1144 cum
594 1071 761 1144 nondum
798 1079 898 1143 certo
926 1067 1116 1142 diiudicari

89 1190 270 1290 potuerit,
307 1215 403 1288 quae
437 1189 528 1264 ratio
561 1189 656 1268 inter
684 1188 856 1263 Vaticani
892 1199 930 1262 et
955 1187 1113 1262 Parisini

89 1309 337 1409 potissumum
360 1313 467 1406 1576,
496 1310 636 1408 dequo
664 1309 758 1382 infra
776 1309 929 1396 (licetur,
958 1308 1113 1383 auctori-

89 1441 208 1506 tatem
232 1431 448 1524 intercedat,
485 1429 545 1506 vel
572 1430 689 1504 sicin
717 1428 944 1503 orationibus
973 1441 1008 1503 et
1037 1428 1110 1529 epi-

88 1552 198 1627 stulis
226 1553 406 1630 Catilinae
433 1565 470 1628 et
497 1553 698 1652 Iugurthae
723 1551 868 1626 insertis
897 1549 984 1627 satis
1007 1577 1114 1652 saepe

88 1684 206 1748 restat
245 1673 390 1748 materia
430 1673 632 1748 dubitandi.
677 1672 751 1748 Sed
788 1673 827 1746 in
863 1673 1113 1746 Historiarum

88 1793 300 1891 particulis,
338 1820 429 1892 quas
466 1794 512 1867 ab
548 1795 619 1868 hac
656 1793 814 1868 editione
842 1795 971 1867 abesse
996 1794 1111 1882 nolui,

89 1913 250 1988 eundem
277 1913 500 1988 Vaticanum
526 1958 576 1970 -
603 1914 749 2012 qualem
778 1911 938 1987 Orellius
965 1913 1014 1987 ad
1041 1914 1115 1989 cal-

89 2059 172 2108 cem
186 2033 304 2108 Vellei
327 2036 423 2107 1835
443 2035 630 2131 expressit,
651 2060 738 2106 nam
756 2031 943 2106 Orelliana
961 2059 993 2105 a.
1016 2036 1115 2108 1840

87 2152 214 2251 paullo
233 2151 486 2250 neglegentius
514 2154 589 2250 egit
607 2197 657 2207 —
676 2154 794 2226 solum
813 2151 939 2248 utique
958 2179 1115 2251 sequen-

87 2274 180 2346 dum
198 2297 277 2346 esse
294 2273 352 2347 vel
375 2285 459 2373 post
485 2274 707 2349 contrariam
725 2275 908 2349 Kritaii
933 2274 1112 2349 rationem

87 2392 177 2466 mihi
204 2394 528 2490 persuasissimum
555 2407 618 2485 est,
649 2422 734 2470 cum
753 2397 963 2472 Vaticani2
994 2406 1029 2470 et
1056 2421 1112 2470 ce·

87 2524 254 2586 tororum
280 2557 331 2568 ——
357 2514 454 2612 siqui
488 2515 636 2589 fuerunt
661 2559 713 2570 —-
740 2516 910 2592 codicum
936 2515 1039 2589 nulla
1065 2516 1113 2588 sit

86 2634 197 2726 fides,
233 2656 354 2729 neque
381 2634 582 2707 Mantuana
617 2635 727 2710 editio
755 2663 787 2710 a.
828 2641 936 2730 1475,
971 2636 1017 2710 de
1043 2661 1114 2732 qua

88 2754 282 2826 dubitabat
301 2752 462 2828 Orellius
476 2754 559 2835 hist.
581 2754 660 2828 crit.
686 2755 842 2854 eclogar.
863 2783 907 2831 ex
925 2753 994 2830 Sal.
1017 2755 1112 2828 Hist.

87 2873 211 2967 libriS,
248 2872 375 2948 Turici
412 2877 520 2967 1833,
554 2900 590 2974 p.
631 2878 675 2948 ll
705 2887 741 2949 et
769 2879 828 2966 20,
856 2876 947 2949 alius
975 2873 1113 2949 codicis

87 3018 203 3091 quam
231 2992 399 3066 Vaticani
425 2994 615 3093 utriusque
642 2995 796 3092 vestigia
822 2995 998 3095 prodeat‚·
1026 3019 1111 3068 nam

88 3113 167 3186 eius
201 3112 456 3210 inspiciundae
492 3115 531 3186 in
559 3114 781 3190 bibliotheca
813 3115 918 3192 Caes.
946 3115 1112 3190 Palatina

85 3234 179 3308 mihi
206 3233 311 3332 copia
337 3234 435 3308 facta
462 3246 526 3308 est.
563 3231 682 3323 Quam
709 3235 860 3333 quidem
887 3237 918 3310 si
946 3235 1112 3310 conicere

85 3354 173 3429 licet
199 3355 391 3451 repetitam
418 3379 497 3430 esse
524 3381 567 3430 ex
604 3355 764 3429 editione
790 3355 955 3454 principe
982 3355 1111 3429 eodem

84 3499 200 3570 anno,
228 3483 271 3546 ut
296 3473 407 3567 aiunt,
436 3471 510 3572 ‘per
530 3474 578 3548 M.
598 3475 806 3549 Arnoldum
829 3486 1009 3574 pannarta
1036 3474 1111 3549 ala-
