2520 3966
185 261 228 328 Μ
476 257 703 325 IVGVRTHA
725 257 851 322 64-65

187 432 315 514 dixisse,
338 454 378 498 ne
399 432 562 498 festinaret
585 431 687 497 abire:
711 432 787 497 satis
809 437 930 497 mature
959 430 1050 498 illum
1072 453 1146 500 cnm
1235 452 1236 532 p

188 518 251 584 lilio
274 541 331 584 suo
353 517 551 584 consulatum
571 520 754 604 petiturum.
798 517 830 582 Is
853 540 890 583 eo
904 526 1048 604 temporo
1070 541 1146 584 con·
1235 539 1236 546 ¹

186 603 331 670 tuber-nio
353 605 452 691 patris
473 603 594 668 ibidem
623 603 793 687 militabat,
827 626 925 669 annos
958 611 1050 668 natus
1085 607 1147 669 eir-

186 691 266 756 oiter
278 692 409 776 viginti3
430 712 576 777 quaeres
591 690 726 755 Marium
742 711 885 776 cumpro
900 689 1028 773 honore,
1050 712 1149 778 quem
1236 706 1237 722 ¹

186 776 380 858 adfectabat,
402 783 471 840 tum
492 785 602 841 contra
622 775 788 841 Metellum
808 775 1013 840 vehementer
1033 794 1173 843 accen-s

163 862 285 932 tderat.
313 862 364 926 Ita
378 861 527 950 cupidine
541 871 635 949 atque
650 864 706 946 ira,
729 863 886 947 pessumis
901 861 1149 948 consultoribus,

187 949 339 1036 grassari,
371 969 476 1036 neque
507 948 589 1013 facto
623 948 688 1012 ullo
720 969 825 1035 neque
857 948 942 1014 dicto
975 948 1148 1032 abstinere,

188 1033 271 1124 quod
304 1033 398 1099 modo
432 1034 634 1100 ambitiosum
665 1034 764 1117 foret,
797 1033 931 1118 milites,
965 1034 1079 1122 quibus
1114 1037 1150 1100 in

187 1119 327 1184 hibernis
341 1130 500 1206 praeerat,
523 1119 639 1185 laxiore
654 1121 787 1207 imperio
803 1142 897 1208 quam
911 1129 1004 1185 antea
1017 1120 1150 1204 habere,

188 1205 271 1292 apud
292 1208 521 1292 negotiatores,
553 1228 685 1293 quorum
706 1229 822 1292 magna
843 1205 1009 1272 multitudo
1031 1206 1149 1270 Vticae
1164 1225 1188 1275 ιι
1238 1225 1239 1228 ’

188 1301 271 1374 erat,
302 1293 470 1357 criminose
492 1291 586 1356 simul
613 1300 646 1358 et
666 1292 835 1378 magnifice
864 1292 1010 1357 debello
1041 1291 1149 1378 loqui:

187 1377 318 1442 dimidia
338 1399 412 1463 pars
435 1380 588 1443 exercitus
611 1378 639 1444 si
668 1378 729 1444 sibi
780 1380 1006 1462 ennitteretur,
1035 1379 1150 1464 paucis

188 1462 299 1527 diebus
320 1463 504 1548 Iugurtham
525 1465 560 1530 in
581 1466 701 1530 catenis
723 1402 920 1548 hadritumm3
949 1463 990 1530 ab
1011 1465 1150 1550 impera·
1239 1464 1240 1520 l

187 1557 255 1613 tore
271 1549 414 1614 consulto
428 1549 520 1634 trahi,
544 1549 628 1638 quod
643 1550 736 1616 homo
751 1552 854 1615 inanis
870 1560 902 1616 et
915 1551 1023 1637 regiae
1037 1571 1150 1636 super·

163 1633 260 1702 abiae
282 1635 414 1721 imperio
436 1637 531 1701 nimis
559 1637 721 1721 gauderet.
766 1635 856 1716 Quae
886 1639 992 1703 omnia
1016 1635 1081 1701 illis
1109 1659 1150 1703 eo
1163 1651 1189 1706 n

188 1719 325 1786 firmiora
345 1720 544 1806 videbantur,
568 1723 652 1810 quod
666 1723 887 1787 diurtmnritato
902 1723 977 1786 belli
992 1745 1043 1786 res
1058 1721 1150 1786 fami·

190 1804 275 1871 liaris
298 1816 518 1892 consiperent,
542 1816 573 1872 et
594 1810 698 1874 animo
721 1809 861 1894 cupienti
874 1808 954 1872 nihil
969 1809 1045 1873 satis
1060 1807 1150 1872 festi·

140 1902 290 1968 sanatur.
333 1893 411 1958 Erat
439 1901 604 1979 praeterea
631 1896 665 1958 in
702 1895 839 1959 exercitu
870 1904 977 1960 nostro
1010 1892 1151 1960 Numida

190 1979 333 2066 quidam,
355 1980 482 2046 nomine
505 1979 632 2062 Gauda,
665 1977 892 2046 Mastanabalis
920 1980 1021 2063 filius,
1050 1979 1149 2044 Masi-

189 2067 294 2132 nissae
316 2087 431 2152 nepos,
466 2089 558 2153 quem
584 2065 661 2130 Mici
684 2089 719 2131 sa
753 2073 939 2132 testamento
973 2065 1191 2133 secundumro

189 2151 338 2218 heredem
371 2154 557 2238 scripserat,
590 2089 709 2217 morbis
744 2151 904 2218 confectus
938 2161 970 2216 et
1002 2152 1042 2217 ob
1076 2172 1150 2216 eam

164 2257 332 2308 tcaussam
346 2246 452 2304 mente
467 2237 642 2325 paullulum
655 2239 819 2302 inminuta
851 2237 911 2303 Oui
929 2237 1077 2302 Metellus
1093 2259 1149 2324 pe-

188 2327 284 2406 tenti,
316 2345 405 2390 more
431 2347 542 2409 regum
563 2331 599 2387 ut
628 2322 739 2388 sellam
771 2325 856 2388 iusta
888 2332 1036 2410 poneret,
1069 2324 1149 2388 item

188 2420 299 2500 postea
318 2409 479 2476 custodiae
494 2431 606 2474 caussa
620 2418 755 2474 tramam
770 2411 911 2497 equitum
924 2410 1149 2491 Romanorum,

187 2505 355 2584 utrumque
382 2503 572 2582 negaverat:
604 2495 771 2578 honorem,
803 2496 886 2582 quod
916 2517 1023 2562 eorum
1052 2494 1148 2560 modo
1160 2514 1192 2563 2⁵

188 2585 268 2650 foret
310 2605 387 2686 quos
421 2581 556 2667 populus
588 2581 747 2646 Romanus
785 2603 878 2667 reges
911 2580 1148 2668 adpellavisset,

187 2669 395 2759 praesidium,
432 2668 515 2755 quod
551 2667 815 2732 contumeliosum
848 2669 881 2732 in
915 2690 968 2734 eos
1003 2666 1084 2732 foret
1121 2667 1149 2730 si

163 2776 207 2826 se
228 2758 311 2821 uites
333 2755 467 2820 Romani
483 2754 635 2818 satellites
650 2753 806 2818 Numidae
821 2753 1028 2818 traderentur.
1052 2751 1149 2816 Hunc

222 2843 306 2908 arius
328 2841 452 2906 anxium
475 2839 657 2926 adgreditur
679 2848 773 2927 atque
794 2839 948 2922 hortatur,
977 2849 1013 2902 ut
1039 2845 1149 2903 conus·

190 2928 354 2994 meliarum
375 2927 558 3015 imperatori
581 2947 652 2990 cum
675 2947 731 2991 suo
754 2924 866 2991 auxilio
895 2947 1013 3011 poenas
1042 2931 1190 3010 petat32t

190 3016 350 3081 hominem
376 3012 416 3080 ob
446 3011 573 3078 morbos
597 3013 700 3077 animo
729 3034 841 3097 parum
872 3010 979 3076 valido
1009 3007 1151 3074 secunda

190 3102 331 3168 oratione
347 3099 481 3166 extollit:
503 3097 594 3163 illum
607 3121 642 3163 re
666 3121 725 3180 em,
749 3099 911 3183 ingentem
925 3098 1037 3178 virum,
1052 3095 1150 3158 Masi-

189 3189 294 3252 nissae
315 3194 463 3272 nepotem
486 3207 572 3268 esse;
596 3185 624 3249 si
644 3121 797 3269 iugurtha
818 3191 927 3270 captus
950 3191 1003 3246 aut
1025 3180 1150 3246 occisus

190 3273 284 3358 forat,
308 3272 476 3358 imperium
497 3270 666 3336 Numidiae
688 3270 756 3333 sine
778 3291 867 3334 mora
887 3267 1084 3348 habituruu13
1114 3265 1150 3330 id

190 3358 270 3425 adeo
292 3367 413 3424 mature
435 3381 529 3444 posse
553 3357 690 3439 evenire,
714 3356 741 3418 si
763 3356 832 3443 ipse
854 3353 965 3421 consul
979 3351 1068 3418 adid
1082 3350 1190 3420 bel-a

166 3443 257 3518 olum
277 3445 392 3510 missus
414 3443 504 3509 foret.
548 3441 658 3530 Itaque
682 3448 713 3506 et
735 3439 824 3508 illum
847 3447 878 3505 et
900 3441 1021 3528 equites
1036 3437 1149 3504 Roma

190 3549 266 3616 nor,
295 3529 412 3596 milit-es
440 3537 471 3580 et
500 3529 728 3614 negotiatores,
756 3525 835 3592 alios
863 3527 951 3612 ipse,
980 3524 1150 3611 plerosque
